
@inproceedings{Karlstrom:2002:DSE:568760.568902,
 author = {Karlstr\"{o}m, Daniel and Runeson, Per},
 title = {Decision support for extreme programming introduction and practice selection},
 booktitle = {Proceedings of the 14th international conference on Software engineering and knowledge engineering},
 series = {SEKE '02},
 year = {2002},
 isbn = {1-58113-556-4},
 location = {Ischia, Italy},
 pages = {835--841},
 numpages = {7},
 url = {http://doi.acm.org/10.1145/568760.568902},
 doi = {10.1145/568760.568902},
 acmid = {568902},
 publisher = {ACM},
 address = {New York, NY, USA},
}

@article{Ritter:2010:ISP:1709424.1709448,
 author = {Ritter, Nicola and McGill, Tanya and Thompson, Nik},
 title = {Incremental submission of programming code using object-oriented classes},
 journal = {SIGCSE Bull.},
 issue_date = {December 2009},
 volume = {41},
 number = {4},
 month = jan,
 year = {2010},
 issn = {0097-8418},
 pages = {66--70},
 numpages = {5},
 url = {http://doi.acm.org/10.1145/1709424.1709448},
 doi = {10.1145/1709424.1709448},
 acmid = {1709448},
 publisher = {ACM},
 address = {New York, NY, USA},
 keywords = {agile methods, software development, software engineering education},
}

@inproceedings{Souza:2005:AAW:1114223.1114237,
 author = {Souza, V\'{\i}tor Est\^{e}v\~{a}o Silva and de Almeida Falbo, Ricardo},
 title = {An agile approach for web systems engineering},
 booktitle = {Proceedings of the 11th Brazilian Symposium on Multimedia and the web},
 series = {WebMedia '05},
 year = {2005},
 location = {Pocos de Caldas - Minas Gerais, Brazil},
 pages = {1--3},
 numpages = {3},
 url = {http://doi.acm.org/10.1145/1114223.1114237},
 doi = {10.1145/1114223.1114237},
 acmid = {1114237},
 publisher = {ACM},
 address = {New York, NY, USA},
 keywords = {agile development, frameworks, java, rapid development, web application, web engineering},
} 

@article{Caspersen:2009:SFP:1513593.1513597,
 author = {Caspersen, Michael E. and Kolling, Michael},
 title = {STREAM: A First Programming Process},
 journal = {Trans. Comput. Educ.},
 issue_date = {March 2009},
 volume = {9},
 number = {1},
 month = mar,
 year = {2009},
 issn = {1946-6226},
 pages = {4:1--4:29},
 articleno = {4},
 numpages = {29},
 url = {http://doi.acm.org/10.1145/1513593.1513597},
 doi = {10.1145/1513593.1513597},
 acmid = {1513597},
 publisher = {ACM},
 address = {New York, NY, USA},
 keywords = {Stepwise improvement, agile methods, programming education, programming methodology, programming process, refactoring, stepwise refinement, test-driven development},
}

@inproceedings{Hart:2007:EEA:1281700.1281714,
 author = {Hart, William E. and Berry, Jonathan W. and Heaphy, Robert and Phillips, Cynthia A.},
 title = {EXACT: the experimental algorithmics computational toolkit},
 booktitle = {Proceedings of the 2007 workshop on Experimental computer science},
 series = {ExpCS '07},
 year = {2007},
 isbn = {978-1-59593-751-3},
 location = {San Diego, California},
 articleno = {14},
 url = {http://doi.acm.org/10.1145/1281700.1281714},
 doi = {10.1145/1281700.1281714},
 acmid = {1281714},
 publisher = {ACM},
 address = {New York, NY, USA},
 keywords = {experimental analysis, experimental design, software testing},
}

@proceedings{Damiani:2004:1151433,
 title = {QUTE-SWAP '04: Proceedings of the 2004 workshop on Quantitative techniques for software agile process},
 year = {2004},
 location = {Newport Beach, California},
 publisher = {ACM},
 address = {New York, NY, USA},
} 

@inproceedings{Tan:2008:TSA:1355238.1355259,
 author = {Tan, Chuan-Hoo and Tan, Wee-Kek and Teo, Hock-Hai},
 title = {Training students to be agile information systems developers: a pedagogical approach},
 booktitle = {Proceedings of the 2008 ACM SIGMIS CPR conference on Computer personnel doctoral consortium and research},
 series = {SIGMIS CPR '08},
 year = {2008},
 isbn = {978-1-60558-069-2},
 location = {Charlottesville, VA, USA},
 pages = {88--96},
 numpages = {9},
 url = {http://doi.acm.org/10.1145/1355238.1355259},
 doi = {10.1145/1355238.1355259},
 acmid = {1355259},
 publisher = {ACM},
 address = {New York, NY, USA},
 keywords = {IT training, agile software development, course curriculum design},
} 

@inproceedings{Elssamadisy:2006:AAP:1415472.1415474,
 author = {Elssamadisy, Amr and West, David},
 title = {Adopting agile practices: an incipient pattern language},
 booktitle = {Proceedings of the 2006 conference on Pattern languages of programs},
 series = {PLoP '06},
 year = {2006},
 isbn = {978-1-60558-372-3},
 location = {Portland, Oregon},
 pages = {1:1--1:9},
 articleno = {1},
 numpages = {9},
 url = {http://doi.acm.org/10.1145/1415472.1415474},
 doi = {10.1145/1415472.1415474},
 acmid = {1415474},
 publisher = {ACM},
 address = {New York, NY, USA},
} 

@inproceedings{Banerjee:2011:EEF:1953355.1953364,
 author = {Banerjee, Udayan and Narasimhan, Eswaran and Kanakalata, N.},
 title = {Experience of executing fixed price off-shored agile project},
 booktitle = {Proceedings of the 4th India Software Engineering Conference},
 series = {ISEC '11},
 year = {2011},
 isbn = {978-1-4503-0559-4},
 location = {Thiruvananthapuram, Kerala, India},
 pages = {69--75},
 numpages = {7},
 url = {http://doi.acm.org/10.1145/1953355.1953364},
 doi = {10.1145/1953355.1953364},
 acmid = {1953364},
 publisher = {ACM},
 address = {New York, NY, USA},
 keywords = {CMMI, agile, offshore, software development process},
} 

@inproceedings{Nikitina:2011:DBP:1987875.1987901,
 author = {Nikitina, Natalja and Kajko-Mattsson, Mira},
 title = {Developer-driven big-bang process transition from Scrum to Kanban},
 booktitle = {Proceedings of the 2011 International Conference on Software and Systems Process},
 series = {ICSSP '11},
 year = {2011},
 isbn = {978-1-4503-0730-7},
 location = {Waikiki, Honolulu, HI, USA},
 pages = {159--168},
 numpages = {10},
 url = {http://doi.acm.org/10.1145/1987875.1987901},
 doi = {10.1145/1987875.1987901},
 acmid = {1987901},
 publisher = {ACM},
 address = {New York, NY, USA},
 keywords = {case study, process transition, software process improvement},
}

@article{John:2005:HSF:1082983.1083000,
 author = {John, Michael and Maurer, Frank and Tessem, Bj{\o}rnar},
 title = {Human and social factors of software engineering: workshop summary},
 journal = {SIGSOFT Softw. Eng. Notes},
 issue_date = {July 2005},
 volume = {30},
 number = {4},
 month = jul,
 year = {2005},
 issn = {0163-5948},
 pages = {1--6},
 numpages = {6},
 url = {http://doi.acm.org/10.1145/1082983.1083000},
 doi = {10.1145/1082983.1083000},
 acmid = {1083000},
 publisher = {ACM},
 address = {New York, NY, USA},
 keywords = {agile methods, communication architectures, decision support, group dynamics, human-centric collaboration support, interaction theory, knowledge dissemination and reuse, management, qualitative studies, social software, software engineering},
} 

@inproceedings{Hardy:2011:DAD:1985793.1985910,
 author = {Hardy, John and Bull, Christopher and Kotonya, Gerald and Whittle, Jon},
 title = {Digitally annexing desk space for software development (NIER track)},
 booktitle = {Proceedings of the 33rd International Conference on Software Engineering},
 series = {ICSE '11},
 year = {2011},
 isbn = {978-1-4503-0445-0},
 location = {Waikiki, Honolulu, HI, USA},
 pages = {812--815},
 numpages = {4},
 url = {http://doi.acm.org/10.1145/1985793.1985910},
 doi = {10.1145/1985793.1985910},
 acmid = {1985910},
 publisher = {ACM},
 address = {New York, NY, USA},
 keywords = {collaboration and collaborative construction, collocation, cscw, ide, software visualisation, tabletop user interfaces},
} 

@proceedings{Cook:2010:1869542,
 title = {SPLASH '10: Proceedings of the ACM international conference companion on Object oriented programming systems languages and applications companion},
 year = {2010},
 isbn = {978-1-4503-0240-1},
 location = {Reno/Tahoe, Nevada, USA},
 note = {548105},
 publisher = {ACM},
 address = {New York, NY, USA},
} 

@inproceedings{Daugherty:2009:FSA:1509239.1509241,
 author = {Daugherty, Paul R.},
 title = {The future of software architectures for large-scalebusiness solutions: modularity, scalability, andseparation of concerns},
 booktitle = {Proceedings of the 8th ACM international conference on Aspect-oriented software development},
 series = {AOSD '09},
 year = {2009},
 isbn = {978-1-60558-442-3},
 location = {Charlottesville, Virginia, USA},
 pages = {1--2},
 numpages = {2},
 url = {http://doi.acm.org/10.1145/1509239.1509241},
 doi = {10.1145/1509239.1509241},
 acmid = {1509241},
 publisher = {ACM},
 address = {New York, NY, USA},
 keywords = {aop, soa},
} 

@inproceedings{Monteiro:2011:QSD:1984642.1984646,
 author = {Monteiro, Cleviton V.F. and da Silva, Fabio Q.B. and dos Santos, Isabella R.M. and Farias, Felipe and Cardozo, Elisa S.F. and do A. Leit\~{a}o, Andr{\'e} R.G. and Neto, Dacio N.M. and Pernambuco Filho, Miguel J.A.},
 title = {A qualitative study of the determinants of self-managing team effectiveness in a scrum team},
 booktitle = {Proceedings of the 4th International Workshop on Cooperative and Human Aspects of Software Engineering},
 series = {CHASE '11},
 year = {2011},
 isbn = {978-1-4503-0576-1},
 location = {Waikiki, Honolulu, HI, USA},
 pages = {16--23},
 numpages = {8},
 url = {http://doi.acm.org/10.1145/1984642.1984646},
 doi = {10.1145/1984642.1984646},
 acmid = {1984646},
 publisher = {ACM},
 address = {New York, NY, USA},
 keywords = {agile methods, qualitative research, self-management, software teams},
}

@inproceedings{Paasivaara:2011:SSL:2082758.2083382,
 author = {Paasivaara, Maria and Lassenius, Casper},
 title = {Scaling Scrum in a Large Distributed Project},
 booktitle = {Proceedings of the 2011 International Symposium on Empirical Software Engineering and Measurement},
 series = {ESEM '11},
 year = {2011},
 isbn = {978-0-7695-4604-9},
 pages = {363--367},
 numpages = {5},
 url = {http://dx.doi.org/10.1109/ESEM.2011.49},
 doi = {10.1109/ESEM.2011.49},
 acmid = {2083382},
 publisher = {IEEE Computer Society},
 address = {Washington, DC, USA},
 keywords = {Scaling Scrum, agile software development, global software development},
} 

@inproceedings{Damiani:2007:MMM:1768961.1768976,
 author = {Damiani, Ernesto and Colombo, Alberto and Frati, Fulvio and Bellettini, Carlo},
 title = {A metamodel for modeling and measuring Scrum development process},
 booktitle = {Proceedings of the 8th international conference on Agile processes in software engineering and extreme programming},
 series = {XP'07},
 year = {2007},
 isbn = {978-3-540-73100-9},
 location = {Como, Italy},
 pages = {74--83},
 numpages = {10},
 url = {http://dl.acm.org/citation.cfm?id=1768961.1768976},
 acmid = {1768976},
 publisher = {Springer-Verlag},
 address = {Berlin, Heidelberg},
 keywords = {MOF, meta-model, scrum, software development process},
} 

@inproceedings{Radinger:2003:ASD:949344.949422,
 author = {Radinger, Wolfgang and Goeschka, Karl Michael},
 title = {Agile software development for component based software engineering},
 booktitle = {Companion of the 18th annual ACM SIGPLAN conference on Object-oriented programming, systems, languages, and applications},
 series = {OOPSLA '03},
 year = {2003},
 isbn = {1-58113-751-6},
 location = {Anaheim, CA, USA},
 pages = {300--301},
 numpages = {2},
 url = {http://doi.acm.org/10.1145/949344.949422},
 doi = {10.1145/949344.949422},
 acmid = {949422},
 publisher = {ACM},
 address = {New York, NY, USA},
 keywords = {CBSE, agile software development, software development process},
} 

@inproceedings{Esfahani:2011:SBP:1987875.1987902,
 author = {Esfahani, Hesam Chiniforooshan and Yu, Eric and Annosi, Maria Carmela},
 title = {Strategically balanced process adoption},
 booktitle = {Proceedings of the 2011 International Conference on Software and Systems Process},
 series = {ICSSP '11},
 year = {2011},
 isbn = {978-1-4503-0730-7},
 location = {Waikiki, Honolulu, HI, USA},
 pages = {169--178},
 numpages = {10},
 url = {http://doi.acm.org/10.1145/1987875.1987902},
 doi = {10.1145/1987875.1987902},
 acmid = {1987902},
 publisher = {ACM},
 address = {New York, NY, USA},
 keywords = {process adoption, software process, software process improvement, strategic management},
} 

@inproceedings{Mackie:2005:AER:1094855.1094872,
 author = {Mackie, Dean and Louie, Gifford and Rogers, Jason and Shaw, Niall},
 title = {Agile environments...: for the rest of us},
 booktitle = {Companion to the 20th annual ACM SIGPLAN conference on Object-oriented programming, systems, languages, and applications},
 series = {OOPSLA '05},
 year = {2005},
 isbn = {1-59593-193-7},
 location = {San Diego, CA, USA},
 pages = {72--72},
 numpages = {1},
 url = {http://doi.acm.org/10.1145/1094855.1094872},
 doi = {10.1145/1094855.1094872},
 acmid = {1094872},
 publisher = {ACM},
 address = {New York, NY, USA},
 keywords = {agile, ergonomics, software development, workplace},
} 

@article{Subramanian:2009:BFF:1562764.1562794,
 author = {Subramanian, Girish H. and Klein, Gary and Jiang, James J. and Chan, Chien-Lung},
 title = {Balancing four factors in system development projects},
 journal = {Commun. ACM},
 issue_date = {October 2009},
 volume = {52},
 number = {10},
 month = oct,
 year = {2009},
 issn = {0001-0782},
 pages = {118--121},
 numpages = {4},
 url = {http://doi.acm.org/10.1145/1562764.1562794},
 doi = {10.1145/1562764.1562794},
 acmid = {1562794},
 publisher = {ACM},
 address = {New York, NY, USA},
}

@inproceedings{Reichlmayr:2012:SS:2157136.2157328,
 author = {Reichlmayr, Tom},
 title = {Student scrums (abstract only)},
 booktitle = {Proceedings of the 43rd ACM technical symposium on Computer Science Education},
 series = {SIGCSE '12},
 year = {2012},
 isbn = {978-1-4503-1098-7},
 location = {Raleigh, North Carolina, USA},
 pages = {661--661},
 numpages = {1},
 url = {http://doi.acm.org/10.1145/2157136.2157328},
 doi = {10.1145/2157136.2157328},
 acmid = {2157328},
 publisher = {ACM},
 address = {New York, NY, USA},
 keywords = {acceptance testing, agile software development, estimation, project planning, scrum, teams, tracking, user stories},
} 

@inproceedings{Nielsen:2012:UEF:2399016.2399057,
 author = {Nielsen, Lene and Madsen, Sabine},
 title = {The usability expert's fear of agility: an empirical study of global trends and emerging practices},
 booktitle = {Proceedings of the 7th Nordic Conference on Human-Computer Interaction: Making Sense Through Design},
 series = {NordiCHI '12},
 year = {2012},
 isbn = {978-1-4503-1482-4},
 location = {Copenhagen, Denmark},
 pages = {261--264},
 numpages = {4},
 url = {http://doi.acm.org/10.1145/2399016.2399057},
 doi = {10.1145/2399016.2399057},
 acmid = {2399057},
 publisher = {ACM},
 address = {New York, NY, USA},
 keywords = {agile methods, global trends, practice study, usability, usability practice, usability practitioners, usability professionals, usability testing},
} 

@inproceedings{Newkirk:2002:IAP:581339.581450,
 author = {Newkirk, James},
 title = {Introduction to agile processes and extreme programming},
 booktitle = {Proceedings of the 24th International Conference on Software Engineering},
 series = {ICSE '02},
 year = {2002},
 isbn = {1-58113-472-X},
 location = {Orlando, Florida},
 pages = {695--696},
 numpages = {2},
 url = {http://doi.acm.org/10.1145/581339.581450},
 doi = {10.1145/581339.581450},
 acmid = {581450},
 publisher = {ACM},
 address = {New York, NY, USA},
} 

@article{Krishnan:2007:CQT:1281421.1281427,
 author = {Krishnan, R and Krishna, S Murali and Bharill, Nishil},
 title = {Code quality tools: learning from our experience},
 journal = {SIGSOFT Softw. Eng. Notes},
 issue_date = {July 2007},
 volume = {32},
 number = {4},
 month = jul,
 year = {2007},
 issn = {0163-5948},
 articleno = {5},
 url = {http://doi.acm.org/10.1145/1281421.1281427},
 doi = {10.1145/1281421.1281427},
 acmid = {1281427},
 publisher = {ACM},
 address = {New York, NY, USA},
 keywords = {buffer overflow and memory corruption, code quality, memory leak},
} 

@inproceedings{Hedin:2003:ISE:776816.776896,
 author = {Hedin, G\"{o}rel and Bendix, Lars and Magnusson, Boris},
 title = {Introducing software engineering by means of Extreme Programming},
 booktitle = {Proceedings of the 25th International Conference on Software Engineering},
 series = {ICSE '03},
 year = {2003},
 isbn = {0-7695-1877-X},
 location = {Portland, Oregon},
 pages = {586--593},
 numpages = {8},
 url = {http://dl.acm.org/citation.cfm?id=776816.776896},
 acmid = {776896},
 publisher = {IEEE Computer Society},
 address = {Washington, DC, USA},
} 

@inproceedings{Napoli:2011:IAR:2023607.2023620,
 author = {Napoli, Juan Pablo and Kaloyanova, Kalinka},
 title = {An integrated approach for RUP, EA, SOA and BPM implementation},
 booktitle = {Proceedings of the 12th International Conference on Computer Systems and Technologies},
 series = {CompSysTech '11},
 year = {2011},
 isbn = {978-1-4503-0917-2},
 location = {Vienna, Austria},
 pages = {63--68},
 numpages = {6},
 url = {http://doi.acm.org/10.1145/2023607.2023620},
 doi = {10.1145/2023607.2023620},
 acmid = {2023620},
 publisher = {ACM},
 address = {New York, NY, USA},
 keywords = {BPM and IT services, EA, OOAD, RUP, SOA, SOAD, SOMA, TOGAF},
} 

@inproceedings{Smith:2006:IAT:1121341.1121451,
 author = {Smith, Suzanne and Stoecklin, Sara and Serino, Catharina},
 title = {An innovative approach to teaching refactoring},
 booktitle = {Proceedings of the 37th SIGCSE technical symposium on Computer science education},
 series = {SIGCSE '06},
 year = {2006},
 isbn = {1-59593-259-3},
 location = {Houston, Texas, USA},
 pages = {349--353},
 numpages = {5},
 url = {http://doi.acm.org/10.1145/1121341.1121451},
 doi = {10.1145/1121341.1121451},
 acmid = {1121451},
 publisher = {ACM},
 address = {New York, NY, USA},
 keywords = {computer science curriculum, extreme programming, object-oriented design, refactoring, software engineering},
} 

@inproceedings{Sato:2007:TEO:1768961.1768977,
 author = {Sato, Danilo and Goldman, Alfredo and Kon, Fabio},
 title = {Tracking the evolution of object-oriented quality metrics on agile projects},
 booktitle = {Proceedings of the 8th international conference on Agile processes in software engineering and extreme programming},
 series = {XP'07},
 year = {2007},
 isbn = {978-3-540-73100-9},
 location = {Como, Italy},
 pages = {84--92},
 numpages = {9},
 url = {http://dl.acm.org/citation.cfm?id=1768961.1768977},
 acmid = {1768977},
 publisher = {Springer-Verlag},
 address = {Berlin, Heidelberg},
 keywords = {agile methods, extreme programming, object-oriented metrics, tracking},
} 

@inproceedings{Abello:2011:BCM:2064676.2064680,
 author = {Abell\'{o}, Alberto and Ferrarons, Jaume and Romero, Oscar},
 title = {Building cubes with MapReduce},
 booktitle = {Proceedings of the ACM 14th international workshop on Data Warehousing and OLAP},
 series = {DOLAP '11},
 year = {2011},
 isbn = {978-1-4503-0963-9},
 location = {Glasgow, Scotland, UK},
 pages = {17--24},
 numpages = {8},
 url = {http://doi.acm.org/10.1145/2064676.2064680},
 doi = {10.1145/2064676.2064680},
 acmid = {2064680},
 publisher = {ACM},
 address = {New York, NY, USA},
 keywords = {bigtable, data warehouse, design, mapreduce, olap},
} 

@inproceedings{Soundararajan:2012:UTA:2157136.2157228,
 author = {Soundararajan, Shvetha and Chigani, Amine and Arthur, James D.},
 title = {Understanding the tenets of agile software engineering: lecturing, exploration and critical thinking},
 booktitle = {Proceedings of the 43rd ACM technical symposium on Computer Science Education},
 series = {SIGCSE '12},
 year = {2012},
 isbn = {978-1-4503-1098-7},
 location = {Raleigh, North Carolina, USA},
 pages = {313--318},
 numpages = {6},
 url = {http://doi.acm.org/10.1145/2157136.2157228},
 doi = {10.1145/2157136.2157228},
 acmid = {2157228},
 publisher = {ACM},
 address = {New York, NY, USA},
 keywords = {agile applicability, agile instruction and education, agile software development, exploring agile tenets, pedagogy, software engineering education},
} 

@inproceedings{Layman:2004:MMA:1151433.1151436,
 author = {Layman, Lucas and Williams, Laurie and Cunningham, Lynn},
 title = {Motivations and measurements in an agile case study},
 booktitle = {Proceedings of the 2004 workshop on Quantitative techniques for software agile process},
 series = {QUTE-SWAP '04},
 year = {2004},
 location = {Newport Beach, California},
 pages = {14--24},
 numpages = {11},
 url = {http://doi.acm.org/10.1145/1151433.1151436},
 doi = {10.1145/1151433.1151436},
 acmid = {1151436},
 publisher = {ACM},
 address = {New York, NY, USA},
 keywords = {agile software development, case studies, extreme programming},
} 

@inproceedings{Marchesi:2007:DSR:1768961.1769015,
 author = {Marchesi, Michele and Mannaro, Katiuscia and Uras, Selene and Locci, Mario},
 title = {Distributed Scrum in research project management},
 booktitle = {Proceedings of the 8th international conference on Agile processes in software engineering and extreme programming},
 series = {XP'07},
 year = {2007},
 isbn = {978-3-540-73100-9},
 location = {Como, Italy},
 pages = {240--244},
 numpages = {5},
 url = {http://dl.acm.org/citation.cfm?id=1768961.1769015},
 acmid = {1769015},
 publisher = {Springer-Verlag},
 address = {Berlin, Heidelberg},
 keywords = {distributed team, project management, research project, scrum},
} 

@inproceedings{Dowson:1987:ICA:41765.41794,
 author = {Dowson, M.},
 title = {ISTAR and the contractual approach},
 booktitle = {Proceedings of the 9th international conference on Software Engineering},
 series = {ICSE '87},
 year = {1987},
 isbn = {0-89791-216-0},
 location = {Monterey, California, United States},
 pages = {287--288},
 numpages = {2},
 url = {http://dl.acm.org/citation.cfm?id=41765.41794},
 acmid = {41794},
 publisher = {IEEE Computer Society Press},
 address = {Los Alamitos, CA, USA},
} 



@inproceedings{Concha:2007:ACE:1768961.1768988,
 author = {Concha, Mauricio and Visconti, Marcello and Astudillo, Hern\'{a}n},
 title = {Agile commitments: enhancing business risk management in agile development projects},
 booktitle = {Proceedings of the 8th international conference on Agile processes in software engineering and extreme programming},
 series = {XP'07},
 year = {2007},
 isbn = {978-3-540-73100-9},
 location = {Como, Italy},
 pages = {149--152},
 numpages = {4},
 url = {http://dl.acm.org/citation.cfm?id=1768961.1768988},
 acmid = {1768988},
 publisher = {Springer-Verlag},
 address = {Berlin, Heidelberg},
 keywords = {agile development, commitment management, risk management},
} 

@inproceedings{Papakonstantinou:2011:SWU:2141622.2141659,
 author = {Papakonstantinou, D. and Malamateniou, F. and Vassilacopoulos, G.},
 title = {A semantic wiki for user training in ePrescribing processes},
 booktitle = {Proceedings of the 4th International Conference on PErvasive Technologies Related to Assistive Environments},
 series = {PETRA '11},
 year = {2011},
 isbn = {978-1-4503-0772-7},
 location = {Heraklion, Crete, Greece},
 pages = {30:1--30:6},
 articleno = {30},
 numpages = {6},
 url = {http://doi.acm.org/10.1145/2141622.2141659},
 doi = {10.1145/2141622.2141659},
 acmid = {2141659},
 publisher = {ACM},
 address = {New York, NY, USA},
 keywords = {cloud computing, ePrescribing, semantic wiki, user training},
} 

@inproceedings{Lehto:2009:SDG:1569136.1569156,
 author = {Lehto, Ilkka and Rautiainen, Kristian},
 title = {Software development governance challenges of a middle-sized company in agile transition},
 booktitle = {Proceedings of the 2009 ICSE Workshop on Software Development Governance},
 series = {SDG '09},
 year = {2009},
 isbn = {978-1-4244-3736-8},
 pages = {36--39},
 numpages = {4},
 url = {http://dx.doi.org/10.1109/SDG.2009.5071335},
 doi = {10.1109/SDG.2009.5071335},
 acmid = {1569156},
 publisher = {IEEE Computer Society},
 address = {Washington, DC, USA},
} 

@article{Barriocanal:2002:EIA:820127.820183,
 author = {Barriocanal, Elena Garc\'{\i}a and Urb\'{a}n, Miguel-\'{A}ngel Sicilia and Cuevas, Ignacio Aedo and P{\'e}rez, Paloma D\'{\i}az},
 title = {An experience in integrating automated unit testing practices in an introductory programming course},
 journal = {SIGCSE Bull.},
 issue_date = {December 2002},
 volume = {34},
 number = {4},
 month = dec,
 year = {2002},
 issn = {0097-8418},
 pages = {125--128},
 numpages = {4},
 url = {http://doi.acm.org/10.1145/820127.820183},
 doi = {10.1145/820127.820183},
 acmid = {820183},
 publisher = {ACM},
 address = {New York, NY, USA},
} 

@inproceedings{Duarte:2006:GST:1134285.1134410,
 author = {Duarte, Alexandre and Cirne, Walfredo and Brasileiro, Francisco and Machado, Patricia},
 title = {GridUnit: software testing on the grid},
 booktitle = {Proceedings of the 28th international conference on Software engineering},
 series = {ICSE '06},
 year = {2006},
 isbn = {1-59593-375-1},
 location = {Shanghai, China},
 pages = {779--782},
 numpages = {4},
 url = {http://doi.acm.org/10.1145/1134285.1134410},
 doi = {10.1145/1134285.1134410},
 acmid = {1134410},
 publisher = {ACM},
 address = {New York, NY, USA},
 keywords = {JUnit, computational grid, distributed testing, unit testing},
} 

@inproceedings{Grossman:2004:OXE:1034914.1034933,
 author = {Grossman, F. and Bergin, J. and Leip, D. and Merritt, S. and Gotel, O.},
 title = {One XP experience: introducing agile (XP) software development into a culture that is willing but not ready},
 booktitle = {Proceedings of the 2004 conference of the Centre for Advanced Studies on Collaborative research},
 series = {CASCON '04},
 year = {2004},
 location = {Markham, Ontario, Canada},
 pages = {242--254},
 numpages = {13},
 url = {http://dl.acm.org/citation.cfm?id=1034914.1034933},
 acmid = {1034933},
 publisher = {IBM Press},
} 

@inproceedings{Talby:2009:GAS:1569136.1569157,
 author = {Talby, David and Dubinsky, Yael},
 title = {Governance of an agile software project},
 booktitle = {Proceedings of the 2009 ICSE Workshop on Software Development Governance},
 series = {SDG '09},
 year = {2009},
 isbn = {978-1-4244-3736-8},
 pages = {40--45},
 numpages = {6},
 url = {http://dx.doi.org/10.1109/SDG.2009.5071336},
 doi = {10.1109/SDG.2009.5071336},
 acmid = {1569157},
 publisher = {IEEE Computer Society},
 address = {Washington, DC, USA},
}

@inproceedings{Hochmuller:2008:APM:1370143.1370145,
 author = {Hochm\"{u}ller, Elke and Mittermeir, Roland T.},
 title = {Agile Process Myths},
 booktitle = {Proceedings of the 2008 international workshop on Scrutinizing agile practices or shoot-out at the agile corral},
 series = {APOS '08},
 year = {2008},
 isbn = {978-1-60558-021-0},
 location = {Leipzig, Germany},
 pages = {5--8},
 numpages = {4},
 url = {http://doi.acm.org/10.1145/1370143.1370145},
 doi = {10.1145/1370143.1370145},
 acmid = {1370145},
 publisher = {ACM},
 address = {New York, NY, USA},
 keywords = {agile practices, challenges, development processes, myths},
} 

@article{QuirceGarcia:2011:SPO:2003819.2003849,
 author = {Quirce Garc\'{\i}a, Jes\'{u}s},
 title = {A study on PDAs for onboard applications and technologies and methodologies},
 journal = {Personal Ubiquitous Comput.},
 issue_date = {June      2011},
 volume = {15},
 number = {5},
 month = jun,
 year = {2011},
 issn = {1617-4909},
 pages = {457--478},
 numpages = {22},
 url = {http://dx.doi.org/10.1007/s00779-010-0318-4},
 doi = {10.1007/s00779-010-0318-4},
 acmid = {2003849},
 publisher = {Springer-Verlag},
 address = {London, UK, UK},
 keywords = {Agile development approaches, COTS, Human spaceflight in-vehicle operations, Java Micro Edition (J2ME), PDAs, Physically constrained MMIs},
} 

@article{Aiken:2004:THP:1022494.1022512,
 author = {Aiken, Jason},
 title = {Technical and human perspectives on pair programming},
 journal = {SIGSOFT Softw. Eng. Notes},
 issue_date = {September 2004},
 volume = {29},
 number = {5},
 month = sep,
 year = {2004},
 issn = {0163-5948},
 pages = {1--14},
 numpages = {14},
 url = {http://doi.acm.org/10.1145/1022494.1022512},
 doi = {10.1145/1022494.1022512},
 acmid = {1022512},
 publisher = {ACM},
 address = {New York, NY, USA},
} 

@inproceedings{Rodriguez:2012:SAL:2372251.2372275,
 author = {Rodr\'{\i}guez, Pilar and Markkula, Jouni and Oivo, Markku and Turula, Kimmo},
 title = {Survey on agile and lean usage in finnish software industry},
 booktitle = {Proceedings of the ACM-IEEE international symposium on Empirical software engineering and measurement},
 series = {ESEM '12},
 year = {2012},
 isbn = {978-1-4503-1056-7},
 location = {Lund, Sweden},
 pages = {139--148},
 numpages = {10},
 url = {http://doi.acm.org/10.1145/2372251.2372275},
 doi = {10.1145/2372251.2372275},
 acmid = {2372275},
 publisher = {ACM},
 address = {New York, NY, USA},
 keywords = {agile, lean, survey},
} 

@inproceedings{Weber-Jahnke:2007:EMI:1248821.1248998,
 author = {Weber-Jahnke, Jens H. and Price, Morgan},
 title = {Engineering Medical Information Systems: Architecture, Data and Usability \& Security},
 booktitle = {Companion to the proceedings of the 29th International Conference on Software Engineering},
 series = {ICSE COMPANION '07},
 year = {2007},
 isbn = {0-7695-2892-9},
 pages = {188--189},
 numpages = {2},
 url = {http://dx.doi.org/10.1109/ICSECOMPANION.2007.34},
 doi = {10.1109/ICSECOMPANION.2007.34},
 acmid = {1248998},
 publisher = {IEEE Computer Society},
 address = {Washington, DC, USA},
} 

@inproceedings{Ktata:2009:ADI:1557626.1557636,
 author = {Ktata, Oualid and L{\'e}vesque, Ghislain},
 title = {Agile development: issues and avenues requiring a substantial enhancement of the business perspective in large projects},
 booktitle = {Proceedings of the 2nd Canadian Conference on Computer Science and Software Engineering},
 series = {C3S2E '09},
 year = {2009},
 isbn = {978-1-60558-401-0},
 location = {Montreal, Quebec, Canada},
 pages = {59--66},
 numpages = {8},
 url = {http://doi.acm.org/10.1145/1557626.1557636},
 doi = {10.1145/1557626.1557636},
 acmid = {1557636},
 publisher = {ACM},
 address = {New York, NY, USA},
 keywords = {agile development, decision making, goal oriented approaches, project management, requirements engineering, scrum and business modeling, software valuation},
} 

@inproceedings{Elshamy:2007:AAL:1768961.1768970,
 author = {Elshamy, Ahmed and Elssamadisy, Amr},
 title = {Applying agile to large projects: new agile software development practices for large projects},
 booktitle = {Proceedings of the 8th international conference on Agile processes in software engineering and extreme programming},
 series = {XP'07},
 year = {2007},
 isbn = {978-3-540-73100-9},
 location = {Como, Italy},
 pages = {46--53},
 numpages = {8},
 url = {http://dl.acm.org/citation.cfm?id=1768961.1768970},
 acmid = {1768970},
 publisher = {Springer-Verlag},
 address = {Berlin, Heidelberg},
} 

@inproceedings{Mann:2007:SEC:1273672.1273686,
 author = {Mann, Samuel and Smith, Lesley},
 title = {Software engineering class eating its own tail},
 booktitle = {Proceedings of the ninth Australasian conference on Computing education - Volume 66},
 series = {ACE '07},
 year = {2007},
 isbn = {1-920-68246-5},
 location = {Ballarat, Victoria, Australia},
 pages = {115--123},
 numpages = {9},
 url = {http://dl.acm.org/citation.cfm?id=1273672.1273686},
 acmid = {1273686},
 publisher = {Australian Computer Society, Inc.},
 address = {Darlinghurst, Australia, Australia},
 keywords = {computer education, software engineering projects},
} 

@inproceedings{daSilva:2005:COI:1071246.1071304,
 author = {da Silva, J. Schwarz},
 title = {Challenges and opportunities in ICT: a European perspective},
 booktitle = {Proceedings of the 6th international conference on Mobile data management},
 series = {MDM '05},
 year = {2005},
 isbn = {1-59593-041-8},
 location = {Ayia Napa, Cyprus},
 pages = {327--327},
 numpages = {1},
 url = {http://doi.acm.org/10.1145/1071246.1071304},
 doi = {10.1145/1071246.1071304},
 acmid = {1071304},
 publisher = {ACM},
 address = {New York, NY, USA},
} 

@inproceedings{Hazzan:2006:CCT:1138046.1138056,
 author = {Hazzan, Orit and Dubinsky, Yael},
 title = {The concept of change in technology transfer},
 booktitle = {Proceedings of the 2006 international workshop on Software technology transfer in software engineering},
 series = {TT '06},
 year = {2006},
 isbn = {1-59593-412-X},
 location = {Shanghai, China},
 pages = {29--34},
 numpages = {6},
 url = {http://doi.acm.org/10.1145/1138046.1138056},
 doi = {10.1145/1138046.1138056},
 acmid = {1138056},
 publisher = {ACM},
 address = {New York, NY, USA},
 keywords = {agile software development, change processes, extreme programming, software development methods, technology transfer},
} 

@inproceedings{Melnik:2005:CIS:1062455.1062543,
 author = {Melnik, Grigori and Maurer, Frank},
 title = {A cross-program investigation of students' perceptions of agile methods},
 booktitle = {Proceedings of the 27th international conference on Software engineering},
 series = {ICSE '05},
 year = {2005},
 isbn = {1-58113-963-2},
 location = {St. Louis, MO, USA},
 pages = {481--488},
 numpages = {8},
 url = {http://doi.acm.org/10.1145/1062455.1062543},
 doi = {10.1145/1062455.1062543},
 acmid = {1062543},
 publisher = {ACM},
 address = {New York, NY, USA},
 keywords = {agile methods, eXtreme programming, empirical study, perception analysis},
} 

@article{Dubinsky:2009:SDG:1598732.1598760,
 author = {Dubinsky, Yael and Kruchten, Philippe},
 title = {Software development governance (SDG): report on 2nd workshop},
 journal = {SIGSOFT Softw. Eng. Notes},
 issue_date = {September 2009},
 volume = {34},
 number = {5},
 month = oct,
 year = {2009},
 issn = {0163-5948},
 pages = {46--47},
 numpages = {2},
 url = {http://doi.acm.org/10.1145/1598732.},
 doi = {10.1145/1598732.},
 acmid = {1598760},
 publisher = {ACM},
 address = {New York, NY, USA},
 keywords = {decision making, software development governance},
} 

@inproceedings{Salhofer:2007:PAI:1248460.1248489,
 author = {Salhofer, Peter and Ferbas, David},
 title = {A pragmatic approach to the introduction of e-government},
 booktitle = {Proceedings of the 8th annual international conference on Digital government research: bridging disciplines \& domains},
 series = {dg.o '07},
 year = {2007},
 isbn = {1-59593-599-1},
 location = {Philadelphia, Pennsylvania},
 pages = {183--189},
 numpages = {7},
 url = {http://dl.acm.org/citation.cfm?id=1248460.1248489},
 acmid = {1248489},
 publisher = {Digital Government Society of North America},
 keywords = {agile software engineering, business process automation, e-government, web-applications},
} 

@article{Nandigam:2008:HIT:1409763.1409767,
 author = {Nandigam, Jagadeesh and Jorgensen, Paul},
 title = {Hands-on introduction to test-driven development: pre-conference workshop},
 journal = {J. Comput. Sci. Coll.},
 issue_date = {October 2008},
 volume = {24},
 number = {1},
 month = oct,
 year = {2008},
 issn = {1937-4771},
 pages = {8--8},
 numpages = {1},
 url = {http://dl.acm.org/citation.cfm?id=1409763.1409767},
 acmid = {1409767},
 publisher = {Consortium for Computing Sciences in Colleges},
 address = {USA},
} 

@inproceedings{Cortes:2009:DDS:1596600.1596607,
 author = {Cort{\'e}s, Hugo and Garc\'{\i}a, M\'{o}nica and Hern\'{a}ndez, Jorge and Hern\'{a}ndez, Manuel and P{\'e}rez-Cordoba, Esperanza and Ramos, Erik},
 title = {Development of a distributed system applied to teaching and learning},
 booktitle = {Proceedings of the 8th ACM SIGPLAN workshop on ERLANG},
 series = {ERLANG '09},
 year = {2009},
 isbn = {978-1-60558-507-9},
 location = {Edinburgh, Scotland},
 pages = {41--50},
 numpages = {10},
 url = {http://doi.acm.org/10.1145/1596600.1596607},
 doi = {10.1145/1596600.1596607},
 acmid = {1596607},
 publisher = {ACM},
 address = {New York, NY, USA},
 keywords = {distributed programming, erlang, extreme programming, functional programming, learning},
} 

@inproceedings{Fraser:2007:LMS:1768961.1769025,
 author = {Fraser, Steven and Ambler, Scott and Bornstein, Gilad and Dubinsky, Yael and Succi, Giancarlo},
 title = {Learning more about "software best practices"},
 booktitle = {Proceedings of the 8th international conference on Agile processes in software engineering and extreme programming},
 series = {XP'07},
 year = {2007},
 isbn = {978-3-540-73100-9},
 location = {Como, Italy},
 pages = {271--274},
 numpages = {4},
 url = {http://dl.acm.org/citation.cfm?id=1768961.1769025},
 acmid = {1769025},
 publisher = {Springer-Verlag},
 address = {Berlin, Heidelberg},
} 

@inproceedings{Wallace:2012:SAC:2157136.2157142,
 author = {Wallace, Charles and Mohan, Sriram and Troy, Douglas and Hoffman, Mark E.},
 title = {Scrum across the CS/SE curricula: a retrospective},
 booktitle = {Proceedings of the 43rd ACM technical symposium on Computer Science Education},
 series = {SIGCSE '12},
 year = {2012},
 isbn = {978-1-4503-1098-7},
 location = {Raleigh, North Carolina, USA},
 pages = {5--6},
 numpages = {2},
 url = {http://doi.acm.org/10.1145/2157136.2157142},
 doi = {10.1145/2157136.2157142},
 acmid = {2157142},
 publisher = {ACM},
 address = {New York, NY, USA},
 keywords = {communication skills, curriculum, scrum, software development},
} 

@inproceedings{Dulz:2011:CTA:1982595.1982604,
 author = {Dulz, Winfried},
 title = {A comfortable testplayer for analyzing statistical usage testing strategies},
 booktitle = {Proceedings of the 6th International Workshop on Automation of Software Test},
 series = {AST '11},
 year = {2011},
 isbn = {978-1-4503-0592-1},
 location = {Waikiki, Honolulu, HI, USA},
 pages = {36--42},
 numpages = {7},
 url = {http://doi.acm.org/10.1145/1982595.1982604},
 doi = {10.1145/1982595.1982604},
 acmid = {1982604},
 publisher = {ACM},
 address = {New York, NY, USA},
 keywords = {graphical test suite evaluation, markov chain usage model, model-driven test case generation, testplayer tool},
} 

@article{Haines:2010:SAM:1787234.1787269,
 author = {Haines, Marc N. and Rothenberger, Marcus A.},
 title = {How a service-oriented architecture may change the software development process},
 journal = {Commun. ACM},
 issue_date = {August 2010},
 volume = {53},
 number = {8},
 month = aug,
 year = {2010},
 issn = {0001-0782},
 pages = {135--140},
 numpages = {6},
 url = {http://doi.acm.org/10.1145/1787234.1787269},
 doi = {10.1145/1787234.1787269},
 acmid = {1787269},
 publisher = {ACM},
 address = {New York, NY, USA},
} 

@inproceedings{Rehman:2010:SMA:1890810.1890820,
 author = {Rehman, Israr Ur and ullah, Sajid and Rauf, Abul and Shahid, Arshad Ali},
 title = {Scope management in agile versus traditional software development methods},
 booktitle = {Proceedings of the 2010 National Software Engineering Conference},
 series = {NSEC '10},
 year = {2010},
 isbn = {978-1-4503-0026-1},
 location = {Rawalpindi, Pakistan},
 pages = {10:1--10:6},
 articleno = {10},
 numpages = {6},
 url = {http://doi.acm.org/10.1145/1890810.1890820},
 doi = {10.1145/1890810.1890820},
 acmid = {1890820},
 publisher = {ACM},
 address = {New York, NY, USA},
 keywords = {agile development methods, scope management, traditional development methods},
} 

@inproceedings{Fraser:2006:FPC:1176617.1176750,
 author = {Fraser, Steven and Rising, Linda and Ambler, Scott and Cockburn, Alistair and Eckstein, Jutta and Hussman, David and Miller, Randy and Striebeck, Mark and Thomas, Dave},
 title = {A fishbowl with piranhas: coalescence, convergence or divergence?},
 booktitle = {Companion to the 21st ACM SIGPLAN symposium on Object-oriented programming systems, languages, and applications},
 series = {OOPSLA '06},
 year = {2006},
 isbn = {1-59593-491-X},
 location = {Portland, Oregon, USA},
 pages = {937--939},
 numpages = {3},
 url = {http://doi.acm.org/10.1145/1176617.1176750},
 doi = {10.1145/1176617.1176750},
 acmid = {1176750},
 publisher = {ACM},
 address = {New York, NY, USA},
 keywords = {Crystal, LEAN, Scrum, XP, agile software},
} 

@article{Hart:2010:SAP:1791129.1791156,
 author = {Hart, Delbert},
 title = {Supporting agile processes in software engineering courses},
 journal = {J. Comput. Sci. Coll.},
 issue_date = {June 2010},
 volume = {25},
 number = {6},
 month = jun,
 year = {2010},
 issn = {1937-4771},
 pages = {136--143},
 numpages = {8},
 url = {http://dl.acm.org/citation.cfm?id=1791129.1791156},
 acmid = {1791156},
 publisher = {Consortium for Computing Sciences in Colleges},
 address = {USA},
} 

@inproceedings{Liang:2009:APG:1647420.1647436,
 author = {Liang, Sheldon X. and Reibling, Lyle and Sambasivam, Samuel},
 title = {"Automatic Prototype Generating" restated with re-ADA: perspective-bridged architecture for document-driven systems transitioning},
 booktitle = {Proceedings of the ACM SIGAda annual international conference on Ada and related technologies},
 series = {SIGAda '09},
 year = {2009},
 isbn = {978-1-60558-475-1},
 location = {Saint Petersburg, Florida, USA},
 pages = {45--60},
 numpages = {16},
 url = {http://doi.acm.org/10.1145/1647420.1647436},
 doi = {10.1145/1647420.1647436},
 acmid = {1647436},
 publisher = {ACM},
 address = {New York, NY, USA},
 keywords = {documentation, software architecture, structured systems design},
} 

@inproceedings{Schneider:2003:EPU:776816.776897,
 author = {Schneider, Jean-Guy and Johnston, Lorraine},
 title = {eXtreme Programming at universities: an educational perspective},
 booktitle = {Proceedings of the 25th International Conference on Software Engineering},
 series = {ICSE '03},
 year = {2003},
 isbn = {0-7695-1877-X},
 location = {Portland, Oregon},
 pages = {594--599},
 numpages = {6},
 url = {http://dl.acm.org/citation.cfm?id=776816.776897},
 acmid = {776897},
 publisher = {IEEE Computer Society},
 address = {Washington, DC, USA},
} 

@article{Hazzan:2007:WSE:1234741.1234758,
 author = {Hazzan, Orit and Dubinsky, Yael},
 title = {Why software engineering programs should teach agile software development},
 journal = {SIGSOFT Softw. Eng. Notes},
 issue_date = {March 2007},
 volume = {32},
 number = {2},
 month = mar,
 year = {2007},
 issn = {0163-5948},
 pages = {1--3},
 numpages = {3},
 url = {http://doi.acm.org/10.1145/1234741.1234758},
 doi = {10.1145/1234741.1234758},
 acmid = {1234758},
 publisher = {ACM},
 address = {New York, NY, USA},
 keywords = {agile software development, software engineering, software engineering education, teaching agile software development},
} 

@inproceedings{Auer:2011:OSP:2181037.2181073,
 author = {Auer, Liisa and Juntunen, Jouni and Ojala, Pekka},
 title = {Open source project as a pedagogical tool in higher education},
 booktitle = {Proceedings of the 15th International Academic MindTrek Conference: Envisioning Future Media Environments},
 series = {MindTrek '11},
 year = {2011},
 isbn = {978-1-4503-0816-8},
 location = {Tampere, Finland},
 pages = {207--213},
 numpages = {7},
 url = {http://doi.acm.org/10.1145/2181037.2181073},
 doi = {10.1145/2181037.2181073},
 acmid = {2181073},
 publisher = {ACM},
 address = {New York, NY, USA},
 keywords = {higher education, learning, open source, pedagogy},
} 

@article{Meerbaum--Salant:2010:ACM:1656255.1656259,
 author = {Meerbaum--Salant, Orni and Hazzan, Orit},
 title = {An Agile Constructionist Mentoring Methodology for Software Projects in the High School},
 journal = {Trans. Comput. Educ.},
 issue_date = {January 2010},
 volume = {9},
 number = {4},
 month = jan,
 year = {2010},
 issn = {1946-6226},
 pages = {21:1--21:29},
 articleno = {21},
 numpages = {29},
 url = {http://doi.acm.org/10.1145.1656255.1656259},
 doi = {10.1145.1656255.1656259},
 acmid = {1656259},
 publisher = {ACM},
 address = {New York, NY, USA},
 keywords = {Computer science education, Shulman's teacher knowledge base model, agile software development, constructionism},
} 

@article{Kuppuswami:2003:EIX:966221.966239,
 author = {Kuppuswami, S. and Vivekanandan, K. and Ramaswamy, Prakash and Rodrigues, Paul},
 title = {The effects of individual XP practices on software development effort},
 journal = {SIGSOFT Softw. Eng. Notes},
 issue_date = {November 2003},
 volume = {28},
 number = {6},
 month = nov,
 year = {2003},
 issn = {0163-5948},
 pages = {6--6},
 numpages = {1},
 url = {http://doi.acm.org/10.1145/966221.966239},
 doi = {10.1145/966221.966239},
 acmid = {966239},
 publisher = {ACM},
 address = {New York, NY, USA},
 keywords = {Extreme Programming (XP), process model, software development effort, system dynamics},
} 

@inproceedings{Bjarnason:2011:CSB:2068783.2068786,
 author = {Bjarnason, Elizabeth and Wnuk, Krzysztof and Regnell, Bj\"{o}rn},
 title = {A case study on benefits and side-effects of agile practices in large-scale requirements engineering},
 booktitle = {Proceedings of the 1st Workshop on Agile Requirements Engineering},
 series = {AREW '11},
 year = {2011},
 isbn = {978-1-4503-0890-8},
 location = {Lancaster, United Kingdom},
 pages = {3:1--3:5},
 articleno = {3},
 numpages = {5},
 url = {http://doi.acm.org/10.1145/2068783.2068786},
 doi = {10.1145/2068783.2068786},
 acmid = {2068786},
 publisher = {ACM},
 address = {New York, NY, USA},
 keywords = {agile, case study, empirical study, requirements engineering},
} 

@inproceedings{Kang:2010:MDC:1904932.1905068,
 author = {Kang, Sungjoo and Choi, Okjoo and Baik, Jongmoon},
 title = {Model-Based Dynamic Cost Estimation and Tracking Method for Agile Software Development},
 booktitle = {Proceedings of the 2010 IEEE/ACIS 9th International Conference on Computer and Information Science},
 series = {ICIS '10},
 year = {2010},
 isbn = {978-0-7695-4147-1},
 pages = {743--748},
 numpages = {6},
 url = {http://dx.doi.org/10.1109/ICIS.2010.126},
 doi = {10.1109/ICIS.2010.126},
 acmid = {1905068},
 publisher = {IEEE Computer Society},
 address = {Washington, DC, USA},
 keywords = {model based estimation, cost estimation, dynamic estimation, daily-base estimation, Kalman filter, function point, agile software development, agile planning},
} 

@inproceedings{Salah:2011:FIU:1985793.1986017,
 author = {Salah, Dina},
 title = {A framework for the integration of user centered design and agile software development processes},
 booktitle = {Proceedings of the 33rd International Conference on Software Engineering},
 series = {ICSE '11},
 year = {2011},
 isbn = {978-1-4503-0445-0},
 location = {Waikiki, Honolulu, HI, USA},
 pages = {1132--1133},
 numpages = {2},
 url = {http://doi.acm.org/10.1145/1985793.1986017},
 doi = {10.1145/1985793.1986017},
 acmid = {1986017},
 publisher = {ACM},
 address = {New York, NY, USA},
 keywords = {agile, framework, user centered design},
} 

@inproceedings{Pavolka:2005:WRP:1099435.1099507,
 author = {Pavolka, Rita and Mount, Veronica and Neymeyr, Amy and Rhodes, Carol},
 title = {From waterfall to rapid prototyping: supporting enterprise-wide adoption of the oncourse collaboration and learning (CL) environment at Indiana University},
 booktitle = {Proceedings of the 33rd annual ACM SIGUCCS fall conference},
 series = {SIGUCCS '05},
 year = {2005},
 isbn = {1-59593-200-3},
 location = {Monterey, CA, USA},
 pages = {312--319},
 numpages = {8},
 url = {http://doi.acm.org/10.1145/1099435.1099507},
 doi = {10.1145/1099435.1099507},
 acmid = {1099507},
 publisher = {ACM},
 address = {New York, NY, USA},
 keywords = {adoption, agile approaches, change, change management, collaboration and learning environments (CLE), course management system (CMS), documentation, flash videos, migration, rapid prototyping, training, waterfall development},
} 

@inproceedings{Soeken:2012:ABD:2366988.2367007,
 author = {Soeken, Mathias and Wille, Robert and Drechsler, Rolf},
 title = {Assisted behavior driven development using natural language processing},
 booktitle = {Proceedings of the 50th international conference on Objects, Models, Components, Patterns},
 series = {TOOLS'12},
 year = {2012},
 isbn = {978-3-642-30560-3},
 location = {Prague, Czech Republic},
 pages = {269--287},
 numpages = {19},
 url = {http://dx.doi.org/10.1007/978-3-642-30561-0_19},
 doi = {10.1007/978-3-642-30561-0_19},
 acmid = {2367007},
 publisher = {Springer-Verlag},
 address = {Berlin, Heidelberg},
} 

@inproceedings{Paulisch:2008:BIP:1370175.1370253,
 author = {Paulisch, Frances and Ebert, Christof},
 title = {Business impact of process improvements},
 booktitle = {Companion of the 30th international conference on Software engineering},
 series = {ICSE Companion '08},
 year = {2008},
 isbn = {978-1-60558-079-1},
 location = {Leipzig, Germany},
 pages = {1073--1074},
 numpages = {2},
 url = {http://doi.acm.org/10.1145/1370175.1370253},
 doi = {10.1145/1370175.1370253},
 acmid = {1370253},
 publisher = {ACM},
 address = {New York, NY, USA},
 keywords = {agile and iterative development, business benefits, business impact, cause and effect chains, cost-benefit analysis, economics, effort estimation, performance, process improvement, qfd, roi},
} 

@inproceedings{Northrop:2012:ISP:2364412.2364465,
 author = {Northrop, Linda M. and Jones, Lawrence G.},
 title = {Introduction to software product lines adoption},
 booktitle = {Proceedings of the 16th International Software Product Line Conference - Volume 2},
 series = {SPLC '12},
 year = {2012},
 isbn = {978-1-4503-1095-6},
 location = {Salvador, Brazil},
 pages = {270--270},
 numpages = {1},
 url = {http://doi.acm.org/10.1145/2364412.2364465},
 doi = {10.1145/2364412.2364465},
 acmid = {2364465},
 publisher = {ACM},
 address = {New York, NY, USA},
 keywords = {software product line adoption, software product line adoption planning, software product lines},
}

@inproceedings{Guimaraes:2005:CSD:1095714.1095793,
 author = {Guimar\~{a}es, Luciano Rodrigues and Souza Vilela, Pl\'{\i}nio Roberto},
 title = {Comparing software development models using CDM},
 booktitle = {Proceedings of the 6th conference on Information technology education},
 series = {SIGITE '05},
 year = {2005},
 isbn = {1-59593-252-6},
 location = {Newark, NJ, USA},
 pages = {339--347},
 numpages = {9},
 url = {http://doi.acm.org/10.1145/1095714.1095793},
 doi = {10.1145/1095714.1095793},
 acmid = {1095793},
 publisher = {ACM},
 address = {New York, NY, USA},
 keywords = {IT education, comparison of development models, software engineering},
}

@proceedings{Dig:2011:1984732,
 title = {WRT '11: Proceedings of the 4th Workshop on Refactoring Tools},
 year = {2011},
 isbn = {978-1-4503-0579-2},
 location = {Waikiki, Honolulu, HI, USA},
 publisher = {ACM},
 address = {New York, NY, USA},
} 

@article{Lowe:2011:RIS:1988997.1989011,
 author = {L\"{o}we, Michael},
 title = {Refactoring information systems: association folding and unfolding},
 journal = {SIGSOFT Softw. Eng. Notes},
 issue_date = {July 2011},
 volume = {36},
 number = {4},
 month = aug,
 year = {2011},
 issn = {0163-5948},
 pages = {1--7},
 numpages = {7},
 url = {http://doi.acm.org/10.1145/1988997.1989011},
 doi = {10.1145/1988997.1989011},
 acmid = {1989011},
 publisher = {ACM},
 address = {New York, NY, USA},
} 

@inproceedings{Berczuk:2003:WSE:949344.949413,
 author = {Berczuk, Steve and Harrison, Neil and Henney, Kevlin and Kerievsky, Joshua and Rising, Linda and Schwaber, Ken and Woolf, Bobby},
 title = {What's so eXtreme about doing things right?},
 booktitle = {Companion of the 18th annual ACM SIGPLAN conference on Object-oriented programming, systems, languages, and applications},
 series = {OOPSLA '03},
 year = {2003},
 isbn = {1-58113-751-6},
 location = {Anaheim, CA, USA},
 pages = {282--283},
 numpages = {2},
 url = {http://doi.acm.org/10.1145/949344.949413},
 doi = {10.1145/949344.949413},
 acmid = {949413},
 publisher = {ACM},
 address = {New York, NY, USA},
 keywords = {agility, extreme programming, process, scrum},
}

@article{Koster:2006:AMF:1181901.1181925,
 author = {Koster, Barrett},
 title = {Agile methods fix software engineering course},
 journal = {J. Comput. Sci. Coll.},
 issue_date = {December 2006},
 volume = {22},
 number = {2},
 month = dec,
 year = {2006},
 issn = {1937-4771},
 pages = {131--137},
 numpages = {7},
 url = {http://dl.acm.org/citation.cfm?id=1181901.1181925},
 acmid = {1181925},
 publisher = {Consortium for Computing Sciences in Colleges},
 address = {USA},
} 

@inproceedings{Agarwal:2011:CSA:1953355.1953362,
 author = {Agarwal, Puneet},
 title = {Continuous SCRUM: agile management of SAAS products},
 booktitle = {Proceedings of the 4th India Software Engineering Conference},
 series = {ISEC '11},
 year = {2011},
 isbn = {978-1-4503-0559-4},
 location = {Thiruvananthapuram, Kerala, India},
 pages = {51--60},
 numpages = {10},
 url = {http://doi.acm.org/10.1145/1953355.1953362},
 doi = {10.1145/1953355.1953362},
 acmid = {1953362},
 publisher = {ACM},
 address = {New York, NY, USA},
 keywords = {PAAS, SAAS, SCRUM, agile process, configuration management, continuous deployment, release management},
} 

@proceedings{Paulisch:2008:1370837,
 title = {BiPi '08: Proceedings of the 1st international workshop on Business impact of process improvements},
 year = {2008},
 isbn = {978-1-60558-032-6},
 location = {Leipzig, Germany},
 note = {529080},
 publisher = {ACM},
 address = {New York, NY, USA},
} 

@inproceedings{Brewer:2003:UUA:947121.947133,
 author = {Brewer, Jeffrey and Lorenz, Leslie},
 title = {Using UML and agile development methodologies to teach object-oriented analysis \& design tools and techniques},
 booktitle = {Proceedings of the 4th conference on Information technology curriculum},
 series = {CITC4 '03},
 year = {2003},
 isbn = {1-58113-770-2},
 location = {Lafayette, Indiana, USA},
 pages = {54--57},
 numpages = {4},
 url = {http://doi.acm.org/10.1145/947121.947133},
 doi = {10.1145/947121.947133},
 acmid = {947133},
 publisher = {ACM},
 address = {New York, NY, USA},
 keywords = {UML, agile processes, object-oriented analysis and design},
} 

@inproceedings{Maxwell:2010:PRF:1882992.1883092,
 author = {Maxwell, Jeremy C. and Ant\'{o}n, Annie I.},
 title = {The production rule framework: developing a canonical set of software requirements for compliance with law},
 booktitle = {Proceedings of the 1st ACM International Health Informatics Symposium},
 series = {IHI '10},
 year = {2010},
 isbn = {978-1-4503-0030-8},
 location = {Arlington, Virginia, USA},
 pages = {629--636},
 numpages = {8},
 url = {http://doi.acm.org/10.1145/1882992.1883092},
 doi = {10.1145/1882992.1883092},
 acmid = {1883092},
 publisher = {ACM},
 address = {New York, NY, USA},
 keywords = {healthcare it, legal compliance, production rule modeling, requirements engineering, security, software engineering},
} 

@inproceedings{Dobrzanski:2006:ARE:1141277.1141574,
 author = {Dobrza\'{n}ski, \Lukasz and Ku\'{z}niarz, Ludwik},
 title = {An approach to refactoring of executable UML models},
 booktitle = {Proceedings of the 2006 ACM symposium on Applied computing},
 series = {SAC '06},
 year = {2006},
 isbn = {1-59593-108-2},
 location = {Dijon, France},
 pages = {1273--1279},
 numpages = {7},
 url = {http://doi.acm.org/10.1145/1141277.1141574},
 doi = {10.1145/1141277.1141574},
 acmid = {1141574},
 publisher = {ACM},
 address = {New York, NY, USA},
 keywords = {executable UML, model refactoring},
} 

@inproceedings{Belani:2009:RPM:1656360.1656363,
 author = {Belani, H. and Car, Z. and Caric, A.},
 title = {RUP-based process model for security requirements engineering in value-added service development},
 booktitle = {Proceedings of the 2009 ICSE Workshop on Software Engineering for Secure Systems},
 series = {IWSESS '09},
 year = {2009},
 isbn = {978-1-4244-3725-2},
 pages = {54--60},
 numpages = {7},
 url = {http://dx.doi.org/10.1109/IWSESS.2009.5068459},
 doi = {10.1109/IWSESS.2009.5068459},
 acmid = {1656363},
 publisher = {IEEE Computer Society},
 address = {Washington, DC, USA},
 keywords = {short message services, RUP-based process model, security requirements engineering, value-added SMS service development, business models, ICT systems, security solutions, process model SecuRUP, RUP framework, model validation, Rational Unified Process, information and communication technology},
} 

@article{Armano:2000:RDP:361651.361653,
 author = {Armano, Giuliano and Marchesi, Michele},
 title = {A rapid development process with UML},
 journal = {SIGAPP Appl. Comput. Rev.},
 issue_date = {April 2000},
 volume = {8},
 number = {1},
 month = sep,
 year = {2000},
 issn = {1559-6915},
 pages = {4--11},
 numpages = {8},
 url = {http://doi.acm.org/10.1145/361651.361653},
 doi = {10.1145/361651.361653},
 acmid = {361653},
 publisher = {ACM},
 address = {New York, NY, USA},
 keywords = {extreme programming, minimal methodologies, object-oriented analysis and design, refactoring, software life-cycle},
} 

@article{Anewalt:2012:EAP:2038772.2038781,
 author = {Anewalt, Karen},
 title = {Exploring agile processes},
 journal = {J. Comput. Sci. Coll.},
 issue_date = {January 2012},
 volume = {27},
 number = {3},
 month = jan,
 year = {2012},
 issn = {1937-4771},
 pages = {29--29},
 numpages = {1},
 url = {http://dl.acm.org/citation.cfm?id=2038772.2038781},
 acmid = {2038781},
 publisher = {Consortium for Computing Sciences in Colleges},
 address = {USA},
} 

@inproceedings{Hanssen:2006:ACE:1159733.1159759,
 author = {Hanssen, Geir Kjetil and F\aegri, Tor Erlend},
 title = {Agile customer engagement: a longitudinal qualitative case study},
 booktitle = {Proceedings of the 2006 ACM/IEEE international symposium on Empirical software engineering},
 series = {ISESE '06},
 year = {2006},
 isbn = {1-59593-218-6},
 location = {Rio de Janeiro, Brazil},
 pages = {164--173},
 numpages = {10},
 url = {http://doi.acm.org/10.1145/1159733.1159759},
 doi = {10.1145/1159733.1159759},
 acmid = {1159759},
 publisher = {ACM},
 address = {New York, NY, USA},
 keywords = {agile process, customer engagement, process transition, stakeholder management},
} 

@inproceedings{Hannay:2010:PPT:1852786.1852806,
 author = {Hannay, Jo E. and Benestad, Hans Christian},
 title = {Perceived productivity threats in large agile development projects},
 booktitle = {Proceedings of the 2010 ACM-IEEE International Symposium on Empirical Software Engineering and Measurement},
 series = {ESEM '10},
 year = {2010},
 isbn = {978-1-4503-0039-1},
 location = {Bolzano-Bozen, Italy},
 pages = {15:1--15:10},
 articleno = {15},
 numpages = {10},
 url = {http://doi.acm.org/10.1145/1852786.1852806},
 doi = {10.1145/1852786.1852806},
 acmid = {1852806},
 publisher = {ACM},
 address = {New York, NY, USA},
 keywords = {agile, case study, large development projects, practitioners' mental models, repertory grid},
} 

@article{Werner:2012:USQ:2167431.2167456,
 author = {Werner, Linda and Arcamone, Dominic and Ross, Ben},
 title = {Using Scrum in a quarter-length undergraduate software engineering course},
 journal = {J. Comput. Sci. Coll.},
 issue_date = {April 2012},
 volume = {27},
 number = {4},
 month = apr,
 year = {2012},
 issn = {1937-4771},
 pages = {140--150},
 numpages = {11},
 url = {http://dl.acm.org/citation.cfm?id=2167431.2167456},
 acmid = {2167456},
 publisher = {Consortium for Computing Sciences in Colleges},
 address = {USA},
} 

@inproceedings{Passos:2012:CAE:2372251.2372255,
 author = {Passos, Carol and Cruzes, Daniela S. and Dyb{\aa}, Tore and Mendon\c{c}a, Manoel},
 title = {Challenges of applying ethnography to study software practices},
 booktitle = {Proceedings of the ACM-IEEE international symposium on Empirical software engineering and measurement},
 series = {ESEM '12},
 year = {2012},
 isbn = {978-1-4503-1056-7},
 location = {Lund, Sweden},
 pages = {9--18},
 numpages = {10},
 url = {http://doi.acm.org/10.1145/2372251.2372255},
 doi = {10.1145/2372251.2372255},
 acmid = {2372255},
 publisher = {ACM},
 address = {New York, NY, USA},
 keywords = {collaborative ethnographic research, participant observation, qualitative methods},
} 

@inproceedings{Kettunen:2010:SAT:1831708.1831737,
 author = {Kettunen, Vesa and Kasurinen, Jussi and Taipale, Ossi and Smolander, Kari},
 title = {A study on agility and testing processes in software organizations},
 booktitle = {Proceedings of the 19th international symposium on Software testing and analysis},
 series = {ISSTA '10},
 year = {2010},
 isbn = {978-1-60558-823-0},
 location = {Trento, Italy},
 pages = {231--240},
 numpages = {10},
 url = {http://doi.acm.org/10.1145/1831708.1831737},
 doi = {10.1145/1831708.1831737},
 acmid = {1831737},
 publisher = {ACM},
 address = {New York, NY, USA},
 keywords = {agile development, case study, empirical study, test process},
} 

@inproceedings{Mackie:2005:AER:1094855.1094878,
 author = {Mackie, Dean and Louie, Gifford and Rogers, Jason and Shaw, Niall},
 title = {Agile environments...: for the rest of us},
 booktitle = {Companion to the 20th annual ACM SIGPLAN conference on Object-oriented programming, systems, languages, and applications},
 series = {OOPSLA '05},
 year = {2005},
 isbn = {1-59593-193-7},
 location = {San Diego, CA, USA},
 pages = {90--91},
 numpages = {2},
 url = {http://doi.acm.org/10.1145/1094855.1094878},
 doi = {10.1145/1094855.1094878},
 acmid = {1094878},
 publisher = {ACM},
 address = {New York, NY, USA},
 keywords = {agile, ergonomics, software development, workplace},
} 

@inproceedings{McNely:2012:AEA:2379057.2379076,
 author = {McNely, Brian J. and Gestwicki, Paul and Burke, Ann and Gelms, Bridget},
 title = {Articulating everyday actions: an activity theoretical approach to scrum},
 booktitle = {Proceedings of the 30th ACM international conference on Design of communication},
 series = {SIGDOC '12},
 year = {2012},
 isbn = {978-1-4503-1497-8},
 location = {Seattle, Washington, USA},
 pages = {95--104},
 numpages = {10},
 url = {http://doi.acm.org/10.1145/2379057.2379076},
 doi = {10.1145/2379057.2379076},
 acmid = {2379076},
 publisher = {ACM},
 address = {New York, NY, USA},
 keywords = {activity theory, mediation, orienting genres, scrum, writing},
} 

@inproceedings{Petrillo:2010:AOA:1878450.1878453,
 author = {Petrillo, Fabio and Pimenta, Marcelo},
 title = {Is agility out there?: agile practices in game development},
 booktitle = {Proceedings of the 28th ACM International Conference on Design of Communication},
 series = {SIGDOC '10},
 year = {2010},
 isbn = {978-1-4503-0403-0},
 location = {S\ão Carlos, S\ão Paulo, Brazil},
 pages = {9--15},
 numpages = {7},
 url = {http://doi.acm.org/10.1145/1878450.1878453},
 doi = {10.1145/1878450.1878453},
 acmid = {1878453},
 publisher = {ACM},
 address = {New York, NY, USA},
} 

@inproceedings{Maurer:2006:AMM:1134285.1134503,
 author = {Maurer, Frank and Melnik, Grigori},
 title = {Agile methods: moving towards the mainstream of the software industry},
 booktitle = {Proceedings of the 28th international conference on Software engineering},
 series = {ICSE '06},
 year = {2006},
 isbn = {1-59593-375-1},
 location = {Shanghai, China},
 pages = {1057--1058},
 numpages = {2},
 url = {http://doi.acm.org/10.1145/1134285.1134503},
 doi = {10.1145/1134285.1134503},
 acmid = {1134503},
 publisher = {ACM},
 address = {New York, NY, USA},
 keywords = {agile methods, agile project management, eXtreme programming, innovation diffusion, knowledge sharing, lean, quality assurance, scrum},
} 

@article{Poole:2006:BMR:1165754.1165768,
 author = {Poole, Damon},
 title = {Breaking the Major Release Habit},
 journal = {Queue},
 issue_date = {October 2006},
 volume = {4},
 number = {8},
 month = oct,
 year = {2006},
 issn = {1542-7730},
 pages = {46--51},
 numpages = {6},
 url = {http://doi.acm.org/10.1145/1165754.1165768},
 doi = {10.1145/1165754.1165768},
 acmid = {1165768},
 publisher = {ACM},
 address = {New York, NY, USA},
} 

@article{Kayes:2011:ATI:1968587.1943384,
 author = {Kayes, Imrul},
 title = {Agile Testing: Introducing PRAT as a Metric of Testing Quality in Scrum},
 journal = {SIGSOFT Softw. Eng. Notes},
 issue_date = {May 2011},
 volume = {36},
 number = {3},
 month = may,
 year = {2011},
 issn = {0163-5948},
 pages = {1--5},
 numpages = {5},
 url = {http://doi.acm.org/10.1145/1943371.1943384},
 doi = {10.1145/1943371.1943384},
 acmid = {1943384},
 publisher = {ACM},
 address = {New York, NY, USA},
 keywords = {fault tolerance, framework, software faults, testing techniques},
} 

@inproceedings{Holt:1992:MPM:962198.962203,
 author = {Holt, R. C. and Penny, D. A. and Mancoridis, S.},
 title = {Multicolour programming and metamorphic programming: object oriented programming-in-the-large},
 booktitle = {Proceedings of the 1992 conference of the Centre for Advanced Studies on Collaborative research - Volume 1},
 series = {CASCON '92},
 year = {1992},
 location = {Toronto, Ontario, Canada},
 pages = {43--58},
 numpages = {16},
 url = {http://dl.acm.org/citation.cfm?id=962198.962203},
 acmid = {962203},
 publisher = {IBM Press},
} 

@inproceedings{Crabtree:2009:ECS:1556904.1556931,
 author = {Crabtree, Carlton A. and Koru, A. Gunes and Seaman, Carolyn and Erdogmus, Hakan},
 title = {An empirical characterization of scientific software development projects according to the Boehm and Turner model: A progress report},
 booktitle = {Proceedings of the 2009 ICSE Workshop on Software Engineering for Computational Science and Engineering},
 series = {SECSE '09},
 year = {2009},
 isbn = {978-1-4244-3737-5},
 pages = {22--27},
 numpages = {6},
 url = {http://dx.doi.org/10.1109/SECSE.2009.5069158},
 doi = {10.1109/SECSE.2009.5069158},
 acmid = {1556931},
 publisher = {IEEE Computer Society},
 address = {Washington, DC, USA},
} 

@inproceedings{Wong:2002:CTC:584955.584992,
 author = {Wong, Kenny and Tilley, Scott},
 title = {Connecting technical communicators with technical developers},
 booktitle = {Proceedings of the 20th annual international conference on Computer documentation},
 series = {SIGDOC '02},
 year = {2002},
 isbn = {1-58113-543-2},
 location = {Toronto, Ontario, Canada},
 pages = {258--262},
 numpages = {5},
 url = {http://doi.acm.org/10.1145/584955.584992},
 doi = {10.1145/584955.584992},
 acmid = {584992},
 publisher = {ACM},
 address = {New York, NY, USA},
 keywords = {documentation, pair programming, program understanding, software engineering, technical communication},
} 

@inproceedings{Krasteva:2008:AAM:1370143.1370150,
 author = {Krasteva, Iva and Ilieva, Sylvia},
 title = {Adopting an agile methodology: why it did not work},
 booktitle = {Proceedings of the 2008 international workshop on Scrutinizing agile practices or shoot-out at the agile corral},
 series = {APOS '08},
 year = {2008},
 isbn = {978-1-60558-021-0},
 location = {Leipzig, Germany},
 pages = {33--36},
 numpages = {4},
 url = {http://doi.acm.org/10.1145/1370143.1370150},
 doi = {10.1145/1370143.1370150},
 acmid = {1370150},
 publisher = {ACM},
 address = {New York, NY, USA},
 keywords = {agile adoption, extreme programming, scrum},
} 

@inproceedings{Kruchten:2002:TIR:581339.581455,
 author = {Kruchten, Philippe},
 title = {Tutorial: introduction to the rational unified process\®},
 booktitle = {Proceedings of the 24th International Conference on Software Engineering},
 series = {ICSE '02},
 year = {2002},
 isbn = {1-58113-472-X},
 location = {Orlando, Florida},
 pages = {703--703},
 numpages = {1},
 url = {http://doi.acm.org/10.1145/581339.581455},
 doi = {10.1145/581339.581455},
 acmid = {581455},
 publisher = {ACM},
 address = {New York, NY, USA},
} 

@inproceedings{DeBorger:2011:GSA:2188461.2188492,
 author = {De Borger, Wouter and Lagaisse, Bert and Joosen, Wouter},
 title = {A generic solution for agile run-time inspection middleware},
 booktitle = {Proceedings of the 12th ACM/IFIP/USENIX international conference on Middleware},
 series = {Middleware'11},
 year = {2011},
 isbn = {978-3-642-25820-6},
 location = {Lisbon, Portugal},
 pages = {451--470},
 numpages = {20},
 url = {http://dx.doi.org/10.1007/978-3-642-25821-3_23},
 doi = {10.1007/978-3-642-25821-3_23},
 acmid = {2188492},
 publisher = {Springer-Verlag},
 address = {Berlin, Heidelberg},
} 

@inproceedings{Gotel:2007:ASD:1768961.1768966,
 author = {Gotel, Olly and Leip, David},
 title = {Agile software development meets corporate deployment procedures: stretching the agile envelope},
 booktitle = {Proceedings of the 8th international conference on Agile processes in software engineering and extreme programming},
 series = {XP'07},
 year = {2007},
 isbn = {978-3-540-73100-9},
 location = {Como, Italy},
 pages = {24--27},
 numpages = {4},
 url = {http://dl.acm.org/citation.cfm?id=1768961.1768966},
 acmid = {1768966},
 publisher = {Springer-Verlag},
 address = {Berlin, Heidelberg},
 keywords = {agile deployment, agile development, extreme programming},
} 

@article{Stoecklin:2007:TSB:1227504.1227364,
 author = {Stoecklin, Sara and Smith, Suzanne and Serino, Catharina},
 title = {Teaching students to build well formed object-oriented methods through refactoring},
 journal = {SIGCSE Bull.},
 issue_date = {March 2007},
 volume = {39},
 number = {1},
 month = mar,
 year = {2007},
 issn = {0097-8418},
 pages = {145--149},
 numpages = {5},
 url = {http://doi.acm.org/10.1145/1227504.1227364},
 doi = {10.1145/1227504.1227364},
 acmid = {1227364},
 publisher = {ACM},
 address = {New York, NY, USA},
 keywords = {computer science curriculum, extreme programming, object-oriented design, refactoring, software engineering},
} 

@inproceedings{Federoff:2008:EUA:1358628.1358666,
 author = {Federoff, Melissa and Villamor, Craig and Miller, Lynn and Patton, Jeff and Rosenstein, Aviva and Baxter, Kathy and Kelkar, Kuldeep},
 title = {Extreme usability: adapting research approaches for agile development},
 booktitle = {CHI '08 Extended Abstracts on Human Factors in Computing Systems},
 series = {CHI EA '08},
 year = {2008},
 isbn = {978-1-60558-012-8},
 location = {Florence, Italy},
 pages = {2269--2272},
 numpages = {4},
 url = {http://doi.acm.org/10.1145/1358628.1358666},
 doi = {10.1145/1358628.1358666},
 acmid = {1358666},
 publisher = {ACM},
 address = {New York, NY, USA},
 keywords = {agile development, extreme programming, scrum, usability, user-centered design},
} 

@inproceedings{Dearden:2010:RRA:2227347.2227350,
 author = {Dearden, Andy and Rizvi, Haider and Gupta, Subodh},
 title = {Roles and responsibilities in agile ICT for development},
 booktitle = {Proceedings of the 2010 international conference on Interaction Design \&\#38; International Development},
 series = {IHCI'10},
 year = {2010},
 location = {Mumbai, India},
 pages = {19--30},
 numpages = {12},
 url = {http://dl.acm.org/citation.cfm?id=2227347.2227350},
 acmid = {2227350},
 publisher = {British Computer Society},
 address = {Swinton, UK, UK},
 keywords = {ICT for development, action research, agile software design, roles},
}

@inproceedings{Sawyer:2009:TYM:1995456.1995594,
 author = {Sawyer, James T. and Brann, David M.},
 title = {How to test your models more effectively: applying agile and automated techniques to simulation testing},
 booktitle = {Winter Simulation Conference},
 series = {WSC '09},
 year = {2009},
 isbn = {978-1-4244-5771-7},
 location = {Austin, Texas},
 pages = {968--978},
 numpages = {11},
 url = {http://dl.acm.org/citation.cfm?id=1995456.1995594},
 acmid = {1995594},
 publisher = {Winter Simulation Conference},
} 

@article{Smith:2001:WLE:775339.775368,
 author = {Smith, Suzanne and Stoecklin, Sara},
 title = {What we can learn from extreme programming},
 journal = {J. Comput. Sci. Coll.},
 issue_date = {December 2001},
 volume = {17},
 number = {2},
 month = dec,
 year = {2001},
 issn = {1937-4771},
 pages = {144--151},
 numpages = {8},
 url = {http://dl.acm.org/citation.cfm?id=775339.775368},
 acmid = {775368},
 publisher = {Consortium for Computing Sciences in Colleges},
 address = {USA},
} 

@inproceedings{Giesecke:2006:TAS:1415472.1415510,
 author = {Giesecke, Simon},
 title = {Taxonomy of architectural style usage},
 booktitle = {Proceedings of the 2006 conference on Pattern languages of programs},
 series = {PLoP '06},
 year = {2006},
 isbn = {978-1-60558-372-3},
 location = {Portland, Oregon},
 pages = {32:1--32:10},
 articleno = {32},
 numpages = {10},
 url = {http://doi.acm.org/10.1145/1415472.1415510},
 doi = {10.1145/1415472.1415510},
 acmid = {1415510},
 publisher = {ACM},
 address = {New York, NY, USA},
} 

@inproceedings{Li:2003:TSR:871895.871899,
 author = {Li, Huiqing and Reinke, Claus and Thompson, Simon},
 title = {Tool support for refactoring functional programs},
 booktitle = {Proceedings of the 2003 ACM SIGPLAN workshop on Haskell},
 series = {Haskell '03},
 year = {2003},
 isbn = {1-58113-758-3},
 location = {Uppsala, Sweden},
 pages = {27--38},
 numpages = {12},
 url = {http://doi.acm.org/10.1145/871895.871899},
 doi = {10.1145/871895.871899},
 acmid = {871899},
 publisher = {ACM},
 address = {New York, NY, USA},
 keywords = {Haskell, language-aware programming environments, program transformation, refactoring, semantic editors},
} 

@inproceedings{Patil:2011:APL:1980022.1980188,
 author = {Patil, S. B. and Rao, Srikantha and Patil, P. S.},
 title = {Agile principles as a leadership value system in the software development: are we ready to be unleashed?},
 booktitle = {Proceedings of the International Conference \&\#38; Workshop on Emerging Trends in Technology},
 series = {ICWET '11},
 year = {2011},
 isbn = {978-1-4503-0449-8},
 location = {Mumbai, Maharashtra, India},
 pages = {765--766},
 numpages = {2},
 url = {http://doi.acm.org/10.1145/1980022.1980188},
 doi = {10.1145/1980022.1980188},
 acmid = {1980188},
 publisher = {ACM},
 address = {New York, NY, USA},
 keywords = {agile criticism, agile practices, development phases, indian realistic scenario},
} 

@inproceedings{Manhart:2004:BIA:998675.999442,
 author = {Manhart, Peter and Schneider, Kurt},
 title = {Breaking the Ice for Agile Development of Embedded Software: An Industry Experience Report},
 booktitle = {Proceedings of the 26th International Conference on Software Engineering},
 series = {ICSE '04},
 year = {2004},
 isbn = {0-7695-2163-0},
 pages = {378--386},
 numpages = {9},
 url = {http://dl.acm.org/citation.cfm?id=998675.999442},
 acmid = {999442},
 publisher = {IEEE Computer Society},
 address = {Washington, DC, USA},
} 

@inproceedings{Bang:2007:IAM:1768961.1769007,
 author = {Bang, Tom J.},
 title = {Introducing agile methods into a project organisation},
 booktitle = {Proceedings of the 8th international conference on Agile processes in software engineering and extreme programming},
 series = {XP'07},
 year = {2007},
 isbn = {978-3-540-73100-9},
 location = {Como, Italy},
 pages = {203--207},
 numpages = {5},
 url = {http://dl.acm.org/citation.cfm?id=1768961.1769007},
 acmid = {1769007},
 publisher = {Springer-Verlag},
 address = {Berlin, Heidelberg},
} 

@inproceedings{Sletholt:2011:LRA:1985782.1985784,
 author = {Sletholt, Magnus Thorstein and Hannay, Jo and Pfahl, Dietmar and Benestad, Hans Christian and Langtangen, Hans Petter},
 title = {A literature review of agile practices and their effects in scientific software development},
 booktitle = {Proceedings of the 4th International Workshop on Software Engineering for Computational Science and Engineering},
 series = {SECSE '11},
 year = {2011},
 isbn = {978-1-4503-0598-3},
 location = {Waikiki, Honolulu, HI, USA},
 pages = {1--9},
 numpages = {9},
 url = {http://doi.acm.org/10.1145/1985782.1985784},
 doi = {10.1145/1985782.1985784},
 acmid = {1985784},
 publisher = {ACM},
 address = {New York, NY, USA},
 keywords = {agile software development, literature review, scientific software, scrum, xp},
} 

@article{deCesare:2010:EPA:1743546.1743580,
 author = {de Cesare, Sergio and Lycett, Mark and Macredie, Robert D. and Patel, Chaitali and Paul, Ray},
 title = {Examining perceptions of agility in software development practice},
 journal = {Commun. ACM},
 issue_date = {June 2010},
 volume = {53},
 number = {6},
 month = jun,
 year = {2010},
 issn = {0001-0782},
 pages = {126--130},
 numpages = {5},
 url = {http://doi.acm.org/10.1145/1743546.1743580},
 doi = {10.1145/1743546.1743580},
 acmid = {1743580},
 publisher = {ACM},
 address = {New York, NY, USA},
} 

@inproceedings{Constantine:2003:USE:776816.776931,
 author = {Constantine, Larry L. and Lockwood, Lucy A. D.},
 title = {Usage-centered software engineering: an agile approach to integrating users, user interfaces, and usability into software engineering practice},
 booktitle = {Proceedings of the 25th International Conference on Software Engineering},
 series = {ICSE '03},
 year = {2003},
 isbn = {0-7695-1877-X},
 location = {Portland, Oregon},
 pages = {746--747},
 numpages = {2},
 url = {http://dl.acm.org/citation.cfm?id=776816.776931},
 acmid = {776931},
 publisher = {IEEE Computer Society},
 address = {Washington, DC, USA},
} 

@inproceedings{Maurer:2007:AMC:1248821.1248992,
 author = {Maurer, Frank and Melnik, Grigori},
 title = {Agile Methods: Crossing the Chasm},
 booktitle = {Companion to the proceedings of the 29th International Conference on Software Engineering},
 series = {ICSE COMPANION '07},
 year = {2007},
 isbn = {0-7695-2892-9},
 pages = {176--177},
 numpages = {2},
 url = {http://dx.doi.org/10.1109/ICSECOMPANION.2007.18},
 doi = {10.1109/ICSECOMPANION.2007.18},
 acmid = {1248992},
 publisher = {IEEE Computer Society},
 address = {Washington, DC, USA},
} 

@inproceedings{Zazworka:2010:DCP:1852786.1852805,
 author = {Zazworka, Nico and Stapel, Kai and Knauss, Eric and Shull, Forrest and Basili, Victor R. and Schneider, Kurt},
 title = {Are developers complying with the process: an XP study},
 booktitle = {Proceedings of the 2010 ACM-IEEE International Symposium on Empirical Software Engineering and Measurement},
 series = {ESEM '10},
 year = {2010},
 isbn = {978-1-4503-0039-1},
 location = {Bolzano-Bozen, Italy},
 pages = {14:1--14:10},
 articleno = {14},
 numpages = {10},
 url = {http://doi.acm.org/10.1145/1852786.1852805},
 doi = {10.1145/1852786.1852805},
 acmid = {1852805},
 publisher = {ACM},
 address = {New York, NY, USA},
 keywords = {XP programming, process conformance, process improvement},
} 

@article{Williams:2005:EEC:1082983.1083179,
 author = {Williams, Laurie and Layman, Lucas and Abrahamsson, Pekka},
 title = {On establishing the essential components of a technology-dependent framework: a strawman framework for industrial case study-based research},
 journal = {SIGSOFT Softw. Eng. Notes},
 issue_date = {July 2005},
 volume = {30},
 number = {4},
 month = may,
 year = {2005},
 issn = {0163-5948},
 pages = {1--5},
 numpages = {5},
 url = {http://doi.acm.org/10.1145/1082983.1083179},
 doi = {10.1145/1082983.1083179},
 acmid = {1083179},
 publisher = {ACM},
 address = {New York, NY, USA},
} 

@inproceedings{Bukhari:2010:MDT:1890810.1890818,
 author = {Bukhari, Sundus and Waheed, Tabinda},
 title = {Model driven transformation between design models to system test models using UML: a survey},
 booktitle = {Proceedings of the 2010 National Software Engineering Conference},
 series = {NSEC '10},
 year = {2010},
 isbn = {978-1-4503-0026-1},
 location = {Rawalpindi, Pakistan},
 pages = {8:1--8:6},
 articleno = {8},
 numpages = {6},
 url = {http://doi.acm.org/10.1145/1890810.1890818},
 doi = {10.1145/1890810.1890818},
 acmid = {1890818},
 publisher = {ACM},
 address = {New York, NY, USA},
 keywords = {UML testing profile, design, model driven architecture (MDA), testing},
} 

@inproceedings{Blotner:2002:ATA:604251.604253,
 author = {Blotner, Joseph A.},
 title = {Agile techniques to avoid firefighting at a start-up},
 booktitle = {OOPSLA 2002 Practitioners Reports},
 series = {OOPSLA '02},
 year = {2002},
 isbn = {1-58113-471-1},
 location = {Seattle, Washington},
 pages = {1--ff},
 url = {http://doi.acm.org/10.1145/604251.604253},
 doi = {10.1145/604251.604253},
 acmid = {604253},
 publisher = {ACM},
 address = {New York, NY, USA},
 keywords = {SDLC, agile methodology, development process, start-up company},
} 

@inproceedings{McDowell:2007:BTE:1768961.1768965,
 author = {McDowell, Sandra and Dourambeis, Nicola},
 title = {British telecom experience report: agile intervention - BT's Joining the dots events for organizational change},
 booktitle = {Proceedings of the 8th international conference on Agile processes in software engineering and extreme programming},
 series = {XP'07},
 year = {2007},
 isbn = {978-3-540-73100-9},
 location = {Como, Italy},
 pages = {17--23},
 numpages = {7},
 url = {http://dl.acm.org/citation.cfm?id=1768961.1768965},
 acmid = {1768965},
 publisher = {Springer-Verlag},
 address = {Berlin, Heidelberg},
 keywords = {agile planning, agile transformation, collaboration, estimating, organizational change, retrospectives, teamwork, user stories},
} 

@inproceedings{Hoda:2010:OST:1806799.1806843,
 author = {Hoda, Rashina and Noble, James and Marshall, Stuart},
 title = {Organizing self-organizing teams},
 booktitle = {Proceedings of the 32nd ACM/IEEE International Conference on Software Engineering - Volume 1},
 series = {ICSE '10},
 year = {2010},
 isbn = {978-1-60558-719-6},
 location = {Cape Town, South Africa},
 pages = {285--294},
 numpages = {10},
 url = {http://doi.acm.org/10.1145/1806799.1806843},
 doi = {10.1145/1806799.1806843},
 acmid = {1806843},
 publisher = {ACM},
 address = {New York, NY, USA},
 keywords = {agile software development, self-organizing teams, software engineering},
} 

@inproceedings{Hirsch:2005:MPD:1062455.1062472,
 author = {Hirsch, Michael},
 title = {Moving from a plan driven culture to agile development},
 booktitle = {Proceedings of the 27th international conference on Software engineering},
 series = {ICSE '05},
 year = {2005},
 isbn = {1-58113-963-2},
 location = {St. Louis, MO, USA},
 pages = {38--38},
 numpages = {1},
 url = {http://doi.acm.org/10.1145/1062455.1062472},
 doi = {10.1145/1062455.1062472},
 acmid = {1062472},
 publisher = {ACM},
 address = {New York, NY, USA},
 keywords = {agile development methods, human factors in changing development practices},
} 

@article{Pillai:1996:FMI:227531.227536,
 author = {Pillai, Krish},
 title = {The fountain model and its impact on project schedule},
 journal = {SIGSOFT Softw. Eng. Notes},
 issue_date = {March 1996},
 volume = {21},
 number = {2},
 month = mar,
 year = {1996},
 issn = {0163-5948},
 pages = {32--38},
 numpages = {7},
 url = {http://doi.acm.org/10.1145/227531.227536},
 doi = {10.1145/227531.227536},
 acmid = {227536},
 publisher = {ACM},
 address = {New York, NY, USA},
} 

@inproceedings{Gobbo:2007:LAM:1768961.1768999,
 author = {Gobbo, Federico and Bozzolo, Piero and Girardi, Jacopo and Pepe, Massimiliano},
 title = {Learning agile methods in practice: advanced educational aspects of the Varese XP-UG experience},
 booktitle = {Proceedings of the 8th international conference on Agile processes in software engineering and extreme programming},
 series = {XP'07},
 year = {2007},
 isbn = {978-3-540-73100-9},
 location = {Como, Italy},
 pages = {173--174},
 numpages = {2},
 url = {http://dl.acm.org/citation.cfm?id=1768961.1768999},
 acmid = {1768999},
 publisher = {Springer-Verlag},
 address = {Berlin, Heidelberg},
 keywords = {agile development of open source software, education and training, practitioners' experience reports},
} 

@inproceedings{Datta:2006:AMI:1185448.1185509,
 author = {Datta, Subhajit},
 title = {Agility measurement index: a metric for the crossroads of software development methodologies},
 booktitle = {Proceedings of the 44th annual Southeast regional conference},
 series = {ACM-SE 44},
 year = {2006},
 isbn = {1-59593-315-8},
 location = {Melbourne, Florida},
 pages = {271--273},
 numpages = {3},
 url = {http://doi.acm.org/10.1145/1185448.1185509},
 doi = {10.1145/1185448.1185509},
 acmid = {1185509},
 publisher = {ACM},
 address = {New York, NY, USA},
 keywords = {agile methods, extreme programming, metrics, unified process, waterfall},
} 

@inproceedings{Grinyer:2007:IAA:1768961.1768993,
 author = {Grinyer, Antony},
 title = {Investigating adoption of agile software development methodologies in organisations},
 booktitle = {Proceedings of the 8th international conference on Agile processes in software engineering and extreme programming},
 series = {XP'07},
 year = {2007},
 isbn = {978-3-540-73100-9},
 location = {Como, Italy},
 pages = {163--164},
 numpages = {2},
 url = {http://dl.acm.org/citation.cfm?id=1768961.1768993},
 acmid = {1768993},
 publisher = {Springer-Verlag},
 address = {Berlin, Heidelberg},
} 

@inproceedings{Hoda:2010:MJE:2328909.2328926,
 author = {Hoda, Rashina and Noble, James and Marshall, Stuart},
 title = {How much is just enough?: some documentation patterns on Agile projects},
 booktitle = {Proceedings of the 15th European Conference on Pattern Languages of Programs},
 series = {EuroPLoP '10},
 year = {2010},
 isbn = {978-1-4503-0259-3},
 location = {Irsee, Germany},
 pages = {13:1--13:13},
 articleno = {13},
 numpages = {13},
 url = {http://doi.acm.org/10.1145/2328909.2328926},
 doi = {10.1145/2328909.2328926},
 acmid = {2328926},
 publisher = {ACM},
 address = {New York, NY, USA},
 keywords = {Agile software development, documentation, self-organizing teams},
} 

@article{Tichy:2011:ESR:1998372.1998374,
 author = {Tichy, Walter},
 title = {Empirical software research: an interview with Dag Sj\øberg, University of Oslo, Norway},
 journal = {Ubiquity},
 issue_date = {June 2011},
 volume = {2011},
 number = {June},
 month = jun,
 year = {2011},
 issn = {1530-2180},
 pages = {2:1--2:14},
 articleno = {2},
 numpages = {14},
 url = {http://doi.acm.org/10.1145/1998372.1998374},
 doi = {10.1145/1998372.1998374},
 acmid = {1998374},
 publisher = {ACM},
 address = {New York, NY, USA},
} 

@inproceedings{Turnu:2004:ITF:1151433.1151442,
 author = {Turnu, Ivana and Melis, Marco and Cau, Alessandra and Marchesi, Michele and Setzu, Alessio},
 title = {Introducing TDD on a free libre open source software project: a simulation experiment},
 booktitle = {Proceedings of the 2004 workshop on Quantitative techniques for software agile process},
 series = {QUTE-SWAP '04},
 year = {2004},
 location = {Newport Beach, California},
 pages = {59--65},
 numpages = {7},
 url = {http://doi.acm.org/10.1145/1151433.1151442},
 doi = {10.1145/1151433.1151442},
 acmid = {1151442},
 publisher = {ACM},
 address = {New York, NY, USA},
 keywords = {discrete event modeling, open source process, process modeling and simulation},
} 

@inproceedings{Li:2010:TPP:1852786.1852804,
 author = {Li, Jingyue and Moe, Nils B. and Dyb{\aa}, Tore},
 title = {Transition from a plan-driven process to Scrum: a longitudinal case study on software quality},
 booktitle = {Proceedings of the 2010 ACM-IEEE International Symposium on Empirical Software Engineering and Measurement},
 series = {ESEM '10},
 year = {2010},
 isbn = {978-1-4503-0039-1},
 location = {Bolzano-Bozen, Italy},
 pages = {13:1--13:10},
 articleno = {13},
 numpages = {10},
 url = {http://doi.acm.org/10.1145/1852786.1852804},
 doi = {10.1145/1852786.1852804},
 acmid = {1852804},
 publisher = {ACM},
 address = {New York, NY, USA},
 keywords = {agile software development, empirical software engineering, software quality},
} 

@article{Yang:2011:PSP:1925861.1925866,
 author = {Yang, Lei and Zhang, Zengbin and Hou, Wei and Zhao, Ben Y. and Zheng, Haitao},
 title = {Papyrus: a software platform for distributed dynamic spectrum sharing using SDRs},
 journal = {SIGCOMM Comput. Commun. Rev.},
 issue_date = {January 2011},
 volume = {41},
 number = {1},
 month = jan,
 year = {2011},
 issn = {0146-4833},
 pages = {31--37},
 numpages = {7},
 url = {http://doi.acm.org/10.1145/1925861.1925866},
 doi = {10.1145/1925861.1925866},
 acmid = {1925866},
 publisher = {ACM},
 address = {New York, NY, USA},
 keywords = {cognitive radio, dynamic spectrum access, testbed},
} 

@inproceedings{McKinney:2006:DCS:1121341.1121387,
 author = {McKinney, Dawn and Denton, Leo F.},
 title = {Developing collaborative skills early in the CS curriculum in a laboratory environment},
 booktitle = {Proceedings of the 37th SIGCSE technical symposium on Computer science education},
 series = {SIGCSE '06},
 year = {2006},
 isbn = {1-59593-259-3},
 location = {Houston, Texas, USA},
 pages = {138--142},
 numpages = {5},
 url = {http://doi.acm.org/10.1145/1121341.1121387},
 doi = {10.1145/1121341.1121387},
 acmid = {1121387},
 publisher = {ACM},
 address = {New York, NY, USA},
 keywords = {active learning, agile software development, assessment, cognitive-affective objectives, collaborative learning, extreme programming, feedback, laboratory experiences, peer evaluation, retention, sense of belonging, team skills},
} 

@inproceedings{Smialek:2005:SCT:2155001.2155044,
 author = {\'{S}mia\lek, Micha\l and Bojarski, Jacek and Nowakowski, Wiktor and Straszak, Tomasz},
 title = {Scenario construction tool based on extended UML metamodel},
 booktitle = {Proceedings of the 8th international conference on Model Driven Engineering Languages and Systems},
 series = {MoDELS'05},
 year = {2005},
 isbn = {3-540-29010-9, 978-3-540-29010-0},
 location = {Montego Bay, Jamaica},
 pages = {414--429},
 numpages = {16},
 url = {http://dx.doi.org/10.1007/11557432_31},
 doi = {10.1007/11557432_31},
 acmid = {2155044},
 publisher = {Springer-Verlag},
 address = {Berlin, Heidelberg},
} 

@article{Shneiderman:1988:ESP:50087.214900,
 author = {Shneiderman, Ben and Carroll, John M.},
 title = {Ecological studies of professional programmers},
 journal = {Commun. ACM},
 issue_date = {Nov. 1988},
 volume = {31},
 number = {11},
 month = nov,
 year = {1988},
 issn = {0001-0782},
 pages = {1256--1258},
 numpages = {3},
 url = {http://doi.acm.org/10.1145/50087.214900},
 doi = {10.1145/50087.214900},
 acmid = {214900},
 publisher = {ACM},
 address = {New York, NY, USA},
} 

@proceedings{Cook:2010:1869459,
 title = {OOPSLA '10: Proceedings of the ACM international conference on Object oriented programming systems languages and applications},
 year = {2010},
 isbn = {978-1-4503-0203-6},
 location = {Reno/Tahoe, Nevada, USA},
 note = {548101},
 publisher = {ACM},
 address = {New York, NY, USA},
} 

@inproceedings{Gardler:2004:UXP:984720.984778,
 author = {Gardler, Ross D. and Mehandjiev, Nikolay},
 title = {Using XML pipelines to build dynamically configurable software},
 booktitle = {Proceedings of the winter international synposium on Information and communication technologies},
 series = {WISICT '04},
 year = {2004},
 location = {Cancun, Mexico},
 pages = {1--6},
 numpages = {6},
 url = {http://dl.acm.org/citation.cfm?id=984720.984778},
 acmid = {984778},
 publisher = {Trinity College Dublin},
} 

@inproceedings{Dorairaj:2011:BCD:1953355.1953357,
 author = {Dorairaj, Siva and Noble, James and Malik, Petra},
 title = {Bridging cultural differences: a grounded theory perspective},
 booktitle = {Proceedings of the 4th India Software Engineering Conference},
 series = {ISEC '11},
 year = {2011},
 isbn = {978-1-4503-0559-4},
 location = {Thiruvananthapuram, Kerala, India},
 pages = {3--10},
 numpages = {8},
 url = {http://doi.acm.org/10.1145/1953355.1953357},
 doi = {10.1145/1953355.1953357},
 acmid = {1953357},
 publisher = {ACM},
 address = {New York, NY, USA},
 keywords = {cultural differences, distributed agile software development, grounded theory},
} 

@inproceedings{Klenk:2008:RSG:1449814.1449832,
 author = {Klenk, Michael and Kleeb, Reto and Kempf, Martin and Sommerlad, Peter},
 title = {Refactoring support for the groovy-eclipse plug-in},
 booktitle = {Companion to the 23rd ACM SIGPLAN conference on Object-oriented programming systems languages and applications},
 series = {OOPSLA Companion '08},
 year = {2008},
 isbn = {978-1-60558-220-7},
 location = {Nashville, TN, USA},
 pages = {727--728},
 numpages = {2},
 url = {http://doi.acm.org/10.1145/1449814.1449832},
 doi = {10.1145/1449814.1449832},
 acmid = {1449832},
 publisher = {ACM},
 address = {New York, NY, USA},
 keywords = {eclipse, groovy, refactoring},
} 

@inproceedings{Bouillon:2007:EFA:1768961.1768979,
 author = {Bouillon, Philipp and Krinke, Jens and Meyer, Nils and Steimann, Friedrich},
 title = {EZUNIT: a framework for associating failed unit tests with potential programming errors},
 booktitle = {Proceedings of the 8th international conference on Agile processes in software engineering and extreme programming},
 series = {XP'07},
 year = {2007},
 isbn = {978-3-540-73100-9},
 location = {Como, Italy},
 pages = {101--104},
 numpages = {4},
 url = {http://dl.acm.org/citation.cfm?id=1768961.1768979},
 acmid = {1768979},
 publisher = {Springer-Verlag},
 address = {Berlin, Heidelberg},
} 

@inproceedings{Rundle:2006:URI:1134285.1134383,
 author = {Rundle, P. J. and Dewar, R. G.},
 title = {Using return on investment to compare agile and plan-driven practices in undergraduate group projects},
 booktitle = {Proceedings of the 28th international conference on Software engineering},
 series = {ICSE '06},
 year = {2006},
 isbn = {1-59593-375-1},
 location = {Shanghai, China},
 pages = {649--654},
 numpages = {6},
 url = {http://doi.acm.org/10.1145/1134285.1134383},
 doi = {10.1145/1134285.1134383},
 acmid = {1134383},
 publisher = {ACM},
 address = {New York, NY, USA},
 keywords = {agile, plan-driven, undergraduate groups},
} 

@inproceedings{Shu:2007:CSI:1768961.1768997,
 author = {Shu, Xueling and Turinsky, Andrei and Sensen, Christoph and Maurer, Frank},
 title = {A case study of the implementation of agile methods in a bioinformatics project},
 booktitle = {Proceedings of the 8th international conference on Agile processes in software engineering and extreme programming},
 series = {XP'07},
 year = {2007},
 isbn = {978-3-540-73100-9},
 location = {Como, Italy},
 pages = {169--170},
 numpages = {2},
 url = {http://dl.acm.org/citation.cfm?id=1768961.1768997},
 acmid = {1768997},
 publisher = {Springer-Verlag},
 address = {Berlin, Heidelberg},
 keywords = {agile methods, bioinformatics, java 3D\&\#8482;, lessons learned},
} 

@article{Nerur:2005:CMA:1060710.1060712,
 author = {Nerur, Sridhar and Mahapatra, RadhaKanta and Mangalaraj, George},
 title = {Challenges of migrating to agile methodologies},
 journal = {Commun. ACM},
 issue_date = {May 2005},
 volume = {48},
 number = {5},
 month = may,
 year = {2005},
 issn = {0001-0782},
 pages = {72--78},
 numpages = {7},
 url = {http://doi.acm.org/10.1145/1060710.1060712},
 doi = {10.1145/1060710.1060712},
 acmid = {1060712},
 publisher = {ACM},
 address = {New York, NY, USA},
} 

@inproceedings{Bosch:2010:KAT:1858996.1858997,
 author = {Bosch, Jan},
 title = {Keynote address: toward compositional software engineering},
 booktitle = {Proceedings of the IEEE/ACM international conference on Automated software engineering},
 series = {ASE '10},
 year = {2010},
 isbn = {978-1-4503-0116-9},
 location = {Antwerp, Belgium},
 pages = {1--2},
 numpages = {2},
 url = {http://doi.acm.org/10.1145/1858996.1858997},
 doi = {10.1145/1858996.1858997},
 acmid = {1858997},
 publisher = {ACM},
 address = {New York, NY, USA},
 keywords = {automated software engineering, compositionality, software architecture},
} 

@inproceedings{Percivall:2011:CDO:1999320.1999398,
 author = {Percivall, George},
 title = {Collaborative development of open standards for expanding GeoWeb to the internet of things},
 booktitle = {Proceedings of the 2nd International Conference on Computing for Geospatial Research \& Applications},
 series = {COM.Geo '11},
 year = {2011},
 isbn = {978-1-4503-0681-2},
 location = {Washington, DC},
 pages = {75:1--75:1},
 articleno = {75},
 numpages = {1},
 url = {http://doi.acm.org/10.1145/1999320.1999398},
 doi = {10.1145/1999320.1999398},
 acmid = {1999398},
 publisher = {ACM},
 address = {New York, NY, USA},
} 

@inproceedings{Dubinsky:2010:ALA:1833310.1833316,
 author = {Dubinsky, Yael and Hazzan, Orit},
 title = {Ad-hoc leadership in agile software development environments},
 booktitle = {Proceedings of the 2010 ICSE Workshop on Cooperative and Human Aspects of Software Engineering},
 series = {CHASE '10},
 year = {2010},
 isbn = {978-1-60558-966-4},
 location = {Cape Town, South Africa},
 pages = {32--38},
 numpages = {7},
 url = {http://doi.acm.org/10.1145/1833310.1833316},
 doi = {10.1145/1833310.1833316},
 acmid = {1833316},
 publisher = {ACM},
 address = {New York, NY, USA},
 keywords = {ad-hoc leadership, agile software development, change leader, leadership},
} 

@inproceedings{Liu:2008:HLP:1593105.1593130,
 author = {Liu, Cong and Umphress, David},
 title = {Heavyweight or lightweight: a process selection guide for developing grid software},
 booktitle = {Proceedings of the 46th Annual Southeast Regional Conference on XX},
 series = {ACM-SE 46},
 year = {2008},
 isbn = {978-1-60558-105-7},
 location = {Auburn, Alabama},
 pages = {99--102},
 numpages = {4},
 url = {http://doi.acm.org/10.1145/1593105.1593130},
 doi = {10.1145/1593105.1593130},
 acmid = {1593130},
 publisher = {ACM},
 address = {New York, NY, USA},
 keywords = {grid software, process selection, software process},
} 

@inproceedings{Scharff:2010:SSM:1833310.1833315,
 author = {Scharff, Christelle and Verma, Ravi},
 title = {Scrum to support mobile application development projects in a just-in-time learning context},
 booktitle = {Proceedings of the 2010 ICSE Workshop on Cooperative and Human Aspects of Software Engineering},
 series = {CHASE '10},
 year = {2010},
 isbn = {978-1-60558-966-4},
 location = {Cape Town, South Africa},
 pages = {25--31},
 numpages = {7},
 url = {http://doi.acm.org/10.1145/1833310.1833315},
 doi = {10.1145/1833310.1833315},
 acmid = {1833315},
 publisher = {ACM},
 address = {New York, NY, USA},
 keywords = {Java ME, Scrum, agile methodologies, education, mobile application development},
} 

