% This file was created with JabRef 2.9.
% Encoding: UTF8

@ARTICLE{Fulgham2011,
  author = {Fulgham, C. and Johnson, J. and Crandall, M. and Jackson, L. and
	Burrows, N.},
  title = {The FBI gets agile},
  journal = {IT Professional},
  year = {2011},
  volume = {13},
  pages = {57-59},
  number = {5},
  affiliation = {Federal Bureau of Investigation, United States},
  db = {scoups},
  document_type = {Article},
  filterkimi = {include},
  filtermaria = {???},
  owner = {kimi},
  review15 = {include},
  reviewer = {maria, kimi},
  source = {Scopus},
}

@INPROCEEDINGS{Hodgkins2007,
  author = {Hodgkins, P. and Hohmann, L.},
  title = {Agile Program Management: Lessons Learned from the VeriSign Managed
	Security Services Team},
  booktitle = {Agile Conference (AGILE), 2007},
  year = {2007},
  pages = {194 -199},
  month = {aug.},
  db = {ieeexplore},
  filterkimi = {???},
  filtermaria = {???},
  review15 = {include},
  reviewer = {kimi, casper}
}

@INPROCEEDINGS{Kim2012,
  author = {Eunha Kim and Seokmoon Ryoo},
  title = {Agile Adoption Story from NHN},
  booktitle = {Computer Software and Applications Conference (COMPSAC), 2012 IEEE
	36th Annual},
  year = {2012},
  pages = {476 -481},
  month = {july},
  db = {ieeexplore},
  filterkimi = {include},
  filtermaria = {???},
  issn = {0730-3157},
  review15 = {include},
  reviewer = {kimi, casper}
}

@INPROCEEDINGS{Lyon2008,
  author = {Lyon, R. and Evans, M.},
  title = {Scaling Up -- Pushing Scrum out of its Comfort Zone},
  booktitle = {Agile, 2008. AGILE '08. Conference},
  year = {2008},
  pages = {395 -400},
  month = {aug.},
  db = {ieeexplore},
  filterkimi = {include},
  filtermaria = {include},
  review15 = {include},
  reviewer = {maria, kimi}
}

@INPROCEEDINGS{Maranzato2012,
  author = {Maranzato, R.P. and Neubert, M. and Herculano, P.},
  title = {Scaling Scrum Step by Step: The Mega Framework},
  booktitle = {Agile Conference (AGILE), 2012},
  year = {2012},
  pages = {79 -85},
  month = {aug.},
  db = {ieeexplore},
  filterkimi = {include},
  filtermaria = {???},
  review15 = {include},
  reviewer = {maria, kimi}
}

@INPROCEEDINGS{Miller2012,
  author = {Miller, J.R. and Haddad, H.M.},
  title = {Challenges faced while simultaneously implementing CMMI and scrum:
	A case study in the tax preparation software industry},
  year = {2012},
  pages = {314-318},
  affiliation = {Kennesaw State University, CS Department, Kennesaw, GA 30144, United
	States},
  db = {scoups},
  document_type = {Conference Paper},
  filterkimi = {include},
  filtermaria = {include},
  journal = {Proceedings of the 9th International Conference on Information Technology,
	ITNG 2012},
  owner = {kimi},
  review15 = {include},
  reviewer = {kimi, casper},
  source = {Scopus},
}

@ARTICLE{Mishra2011,
  author = {Mishra, D. and Mishra, A.},
  title = {Complex software project development: Agile methods adoption},
  journal = {Journal of Software Maintenance and Evolution},
  year = {2011},
  volume = {23},
  pages = {549-564},
  number = {8},
  affiliation = {Department of Computer Engineering, Atilim University, Ankara, Turkey},
  db = {scoups},
  document_type = {Article},
  filterkimi = {???},
  filtermaria = {???},
  owner = {kimi},
  review15 = {include},
  source = {Scopus},
}

@ARTICLE{Sagesser2013,
  author = {Sagesser, K. and Joseph, B. and Grau, R.},
  title = {Introducing an Iterative Life-Cycle Model at Credit Suisse IT Switzerland},
  journal = {Software, IEEE},
  year = {2013},
  volume = {30},
  pages = {68-73},
  number = {2},
  db = {ieeexplore2},
  filterkimi = {include},
  filtermaria = {include},
  issn = {0740-7459},
  owner = {kimi},
  review15 = {include},
}

@INPROCEEDINGS{Scott2008,
  author = {Scott, J. and Johnson, R. and McCullough, M.},
  title = {Executing agile in a structured organization: Government},
  year = {2008},
  pages = {166-170},
  affiliation = {City of Calgary},
  art_number = {4599470},
  db = {scoups},
  document_type = {Conference Paper},
  filterkimi = {include},
  filtermaria = {???},
  journal = {Proceedings - Agile 2008 Conference},
  owner = {kimi},
  review15 = {include},
  reviewer = {casper, maria},
  source = {Scopus},
}

@INPROCEEDINGS{Tudor2006,
  author = {Tudor, D. and Walter, G.A.},
  title = {Using an agile approach in a large, traditional organization},
  booktitle = {Agile Conference, 2006},
  year = {2006},
  pages = {7 pp. -373},
  month = {july},
  db = {ieeexplore},
  filterkimi = {include},
  filtermaria = {include},
  review15 = {include},
  reviewer = {maria, kimi}
}
