% This file was created with JabRef 2.9.
% Encoding: UTF8

@INPROCEEDINGS{4599458,
  author = {Lee, E.C.},
  title = {Forming to Performing: Transitioning Large-Scale Project Into Agile},
  booktitle = {Agile, 2008. AGILE '08. Conference},
  year = {2008},
  pages = {106 -111},
  month = {aug.},
  abstract = {This experience report discusses a large scale team transitioning
	from waterfall to Agile while going through all phases of Tuckman's
	model. I describe the issues we encountered, lessons we learned,
	and how we coped with difficult situations in each of the four phases
	of the Tuckman's model of team development.},
  db = {ieeexplore},
  doi = {10.1109/Agile.2008.75},
  filterkimi = {include},
  filtermaria = {include},
  keywords = {Agile software development;Tuckman model;large-scale project;software
	engineering;},
  review15 = {include},
  reviewer = {casper, maria}
}

@INPROCEEDINGS{4599462,
  author = {Ryan, J.J. and Scudiere, R.},
  title = {The Price of Agile Is Eternal Vigilance},
  booktitle = {Agile, 2008. AGILE '08. Conference},
  year = {2008},
  pages = {125-128},
  abstract = {Youpsilare the executive sponsor of your divisionpsilas foray into
	agile development. It was successful with the first development team;
	you saw very good results with the second and third; by the fourth
	team you knew you had something really successful going on. Now you
	want to roll it out across the entire engineering organization. But
	therepsilas a problem: each of your teams approaches agile a little
	differently. Youpsilad like a consistent approach across the division
	for a number of reasons, but you donpsilat want to stifle the new
	culture of cooperation and coordination that agile has brought to
	the organization. You have four different teams doing agile successfully
	four different ways. How do you scale agile across the organization
	with a consistent approach that also supports The Manifesto? We successfully
	scaled agile across a large development organization using strong,
	and very active, executive sponsorship to complement agile team discipline;
	by laying out a set of clearly defined, non- negotiable conventions
	and regulations, practices and expectations; and by training ourselves
	to constantly and consistently enforce, and question, these conventions
	from within.},
  db = {Preliminary search},
  doi = {10.1109/Agile.2008.38},
  keywords = {software engineering;agile development;agile team discipline;engineering
	organization;Best practices;Books;Constitution;Engineering management;Feedback;Guidelines;Meeting
	planning;Security;agile discipline;enterprise;executive sponsor;scaling},
  review15 = {include}
}

@INPROCEEDINGS{4599464,
  author = {Fecarotta, J.},
  title = {MyBoeingFleet and Agile Software Development},
  booktitle = {Agile, 2008. AGILE '08. Conference},
  year = {2008},
  pages = {135 -139},
  month = {aug.},
  db = {ieeexplore},
  doi = {10.1109/Agile.2008.72},
  filterkimi = {???},
  filtermaria = {???},
  keywords = {MyBoeingFleet;Web site;agile software development;software development
	management;},
  review15 = {include},
  reviewer = {casper, maria}
}

@INPROCEEDINGS{4599468,
  author = {Goos, J. and Melisse, A.},
  title = {An Ericsson Example of Enterprise Class Agility},
  booktitle = {Agile, 2008. AGILE '08. Conference},
  year = {2008},
  pages = {154 -159},
  month = {aug.},
  abstract = {Agile practices have gained momentum within Ericsson. This report
	describes the experiences of a transition towards agile in a product
	development unit (PDU) of about 300 people. This is just a small
	part of the large agile roll out in Ericssonpsilas development organization
	for multimedia products. This paper describes the approach, results,
	choices made, lessons learned and next steps.},
  db = {ieeexplore},
  doi = {10.1109/Agile.2008.24},
  filterkimi = {include},
  filtermaria = {include},
  keywords = {Ericsson example;agile practice;enterprise class agility;multimedia
	product;product development unit;software development management;},
  review15 = {include},
  reviewer = {kimi, casper}
}

@INPROCEEDINGS{4599469,
  author = {Long, K. and Starr, D.},
  title = {Agile Supports Improved Culture and Quality for Healthwise},
  booktitle = {Agile, 2008. AGILE '08. Conference},
  year = {2008},
  pages = {160 -165},
  month = {aug.},
  abstract = {Five years ago, Healthwise began transitioning into an agile and lean
	organization. In 2007, four years after introduction to Agile, Healthwise
	was identified by the Wall Street Journal as one of the top 15 small
	employers in the United States [Spors, K., 2007]. Healthwise uses
	scrum and lean principles to manage multi-disciplinary product development
	teams. Teams create medical content in XML, produce interactive media
	in multiple formats,and develop software. This report describes Healthwisepsilas
	learning experience for agile adoption across multi-disciplinary
	teams, the measurable results, and how Agile supports the Healthwise
	culture.},
  db = {ieeexplore},
  doi = {10.1109/Agile.2008.61},
  filterkimi = {include},
  filtermaria = {include},
  keywords = {Healthwise;XML;agile adoption;agile supports;agile-lean organization;interactive
	media;multidisciplinary product development teams;multidisciplinary
	teams;XML;learning (artificial intelligence);medical computing;product
	development;software engineering;},
  review15 = {include},
  reviewer = {kimi, casper}
}

@INPROCEEDINGS{1667580,
  author = {Hanly, S. and Wai, L. and Meadows, L. and Leaton, R.},
  title = {Agile coaching in British Telecom: making strawberry jam},
  booktitle = {Agile Conference, 2006},
  year = {2006},
  pages = {9 pp. -202},
  month = {july},
  abstract = {When BT began to look at how you transform an organization of approximately
	14,000 people to become an agile organisation a key challenge faced
	was how to support this size of a transformation from a coaching
	perspective i.e. how do you leverage a relatively small finite coaching
	resource so that it can be effective. BT drew inspiration from the
	``Law of Strawberry Jam{''} and intentionally set out to build internal
	agile coaching capability. Based on positive experience with ``pair
	coaching{''} an ``apprentice coaching{''} model was chosen as an
	effective approach for building this internal coaching capability.
	This provided a rich and experience based learning environment while
	also allowing the group to be effective as it engaged with the BT
	Exact organisation},
  db = {ieeexplore},
  doi = {10.1109/AGILE.2006.13},
  filterkimi = {include},
  filtermaria = {include},
  keywords = {British Telecom;agile coaching;agile organisation;apprentice coaching
	model;pair coaching model;DP industry;software development management;team
	working;telecommunication services;},
  review15 = {include},
  reviewer = {kimi, casper}
}

@INPROCEEDINGS{1667594,
  author = {Gat, I.},
  title = {How BMC is scaling agile development},
  booktitle = {Agile Conference, 2006},
  year = {2006},
  pages = {6 pp.-320},
  abstract = {This report examines the large-scale deployment of agile software
	development in the Infrastructure Management Business Unit of BMC
	Software. The paper identifies and demonstrates several critical
	success, factors $such as empowerment, risk taking, and top-notch
	agile consulting - applying agile methodology as part of the overall
	software engineering "stack" and changing organizational structures.
	In particular, it highlights the relationship between empowerment
	and risk-taking, and suggests that the two should be managed in tandem
	as the foundation on which successful agile projects can evolve.
	Finally, the paper emphasizes the importance of implementing agile
	methodology across multiple corporate functions $marketing, sales,
	support, professional services, etc. It concludes with a review of
	the benefits that this approach provides to the end customers},
  db = {Preliminary search},
  doi = {10.1109/AGILE.2006.33},
  keywords = {project management;software development management;BMC Software;Infrastructure
	Management Business Unit;agile development;agile projects;agile software
	development;corporate functions;organizational structures;risk taking;software
	engineering;top-notch agile consulting;Bicycles;Large-scale systems;Marketing
	and sales;Programming;Project management;Quality management;Risk
	management;Scalability;Software development management;Software engineering},
  review15 = {include}
}

@INPROCEEDINGS{5261093,
  author = {Atlas, A.},
  title = {Accidental Adoption: The Story of Scrum at Amazon.com},
  booktitle = {Agile Conference, 2009. AGILE '09.},
  year = {2009},
  pages = {135 -140},
  month = {aug.},
  abstract = {By late 2004, Scrum had been chosen independently as a development
	process by several teams at Amazon.com. From then until 2009, Scrum
	spread to a large portion of the software development teams at Amazon.
	This widespread adoption occurred in part due to the actions of a
	single individual and in part due to the natural match between Scrumpsilas
	characteristics and the culture prevalent at Amazon.com. Widespread
	use of small, independent teams and a general empowerment at the
	team level made Scrum a smaller step to take for development teams
	at Amazon than it would be at many companies of equal or greater
	size. The success of Scrum at Amazon shows how important the prevailing
	culture of the company can be in terms of supporting an Agile transformation.
	These lessons are relevant to Scrum transformations being undertaken
	at many companies today.},
  db = {ieeexplore},
  doi = {10.1109/AGILE.2009.10},
  filterkimi = {include},
  filtermaria = {include},
  keywords = {Amazon.com;Scrum;accidental adoption;agile transformation;software
	development process;software development management;},
  review15 = {include},
  reviewer = {kimi, casper}
}

@INPROCEEDINGS{5261094,
  author = {Roche, G. and Vasquez-McCall, B.},
  title = {The Amazing Team Race A Team Based Agile Adoption},
  booktitle = {Agile Conference, 2009. AGILE '09.},
  year = {2009},
  pages = {141 -146},
  month = {aug.},
  abstract = {In 2008, our organization successfully implemented an agile software
	development approach (Scrum) across the Application Development department
	after piloting Scrum in 2007 with a few projects. In just four months,
	our department consisting of over 200 contractors and 70 full time
	employees transitioned from a traditional waterfall-style approach
	(RUP) to Scrum. Less then 2 months later, we were running 40 development
	projects that were time boxed to three months. In the previous year,
	we had 20 active projects with duration of 9 to 18 months. After
	a year of introducing Agile, members of our organization were well
	aware of what Scrum was, but growing weary of training. There was
	a clear need to create excitement around the adoption and scaling
	of Scrum within the application development group. This led us to
	develop what we called dasiaThe Amazing Team Race.psila This experience
	report is about how an agile transition team used a team-based approach
	for creating excitement while scaling Scrum in a globally distributed
	organization.},
  db = {ieeexplore},
  doi = {10.1109/AGILE.2009.67},
  filterkimi = {include},
  filtermaria = {include},
  keywords = {Scrum;The Amazing Team Race;agile software development approach;team
	based agile adoption;waterfall-style approach;software development
	management;team working;},
  review15 = {include},
  reviewer = {maria, kimi}
}

@INPROCEEDINGS{5261097,
  author = {Mun-Wai Chung and Drummond, B.},
  title = {Agile at Yahoo! From the Trenches},
  booktitle = {Agile Conference, 2009. AGILE '09.},
  year = {2009},
  pages = {113 -118},
  month = {aug.},
  abstract = {Yahoo! is a great proving ground for Agile. Since the introduction
	of Agile methods and practices into the company over five years ago,
	many contests of the Agile process have played out across the expansive
	Yahoo! software development landscape. Throughout its history, the
	spirit of Agile has survived, often in surprising and unexpected
	ways. Whether being mandated from the executive-level or arising
	from self-motivated small teams, one theme is constant - Agile has
	embedded itself into the DNA of Yahoo!. And to the present day, Agile
	continues to emerge and re-emerge in many forms from the dedicated
	individuals who use the tools of Agile to create some of the most
	innovative user experiences on the Internet. This paper offers an
	informal retrospective of the relative successes and failures of
	enterprise Agile adoption at Yahoo! from the period 2004 to 2009.},
  db = {ieeexplore},
  doi = {10.1109/AGILE.2009.41},
  filterkimi = {include},
  filtermaria = {include},
  keywords = {Agile method;Agile process;Internet;Yahoo! software development landscape;self-motivated
	team;DP industry;software development management;software houses;},
  review15 = {include},
  reviewer = {kimi, casper}
}

@INPROCEEDINGS{5261101,
  author = {Maples, C.},
  title = {Enterprise Agile Transformation: The Two-Year Wall},
  booktitle = {Agile Conference, 2009. AGILE '09.},
  year = {2009},
  pages = {90 -95},
  month = {aug.},
  abstract = {As Agile is adopted by large enterprises, the number of transformation
	success stories has grown. But, transformation is an ongoing process,
	and maintaining organizational change is difficult. So, what happens
	after the success stories have been told? What can IT leaders expect
	once the Agile transformation honeymoon is over? This paper addresses
	these questions head-on, sharing Borlandpsilas transformation experiences
	and the challenges that emerged after the initial phases gave way
	to a new stage in our journey.},
  db = {ieeexplore},
  doi = {10.1109/AGILE.2009.62},
  filterkimi = {include},
  filtermaria = {include},
  keywords = {Borland development organization;IT leaders;enterprise agile transformation;organisational
	aspects;virtual enterprises;},
  review15 = {include},
  reviewer = {casper, maria}
}

@INPROCEEDINGS{4293586,
  author = {Fry, C. and Greene, S.},
  title = {Large Scale Agile Transformation in an On-Demand World},
  booktitle = {Agile Conference (AGILE), 2007},
  year = {2007},
  pages = {136 -142},
  month = {aug.},
  abstract = {Salesforce.com has recently completed an agile transformation of a
	two hundred person team within a three month window. This is one
	of the largest and fastest ``big-bang{''} agile rollouts. This experience
	report discusses why we chose to move to an agile process, how we
	accomplished the transformation and what we learned from applying
	agile at scale.},
  db = {ieeexplore},
  doi = {10.1109/AGILE.2007.38},
  filterkimi = {include},
  filtermaria = {include},
  keywords = {Salesforce.com;big-bang agile rollouts;large scale agile transformation;ondemand
	world;business data processing;transforms;},
  review15 = {include},
  reviewer = {casper, maria}
}

@INPROCEEDINGS{4293596,
  author = {Seffernick, T.R.},
  title = {Enabling Agile in a Large Organization Our Journey Down the Yellow
	Brick Road},
  booktitle = {Agile Conference (AGILE), 2007},
  year = {2007},
  pages = {200 -206},
  month = {aug.},
  abstract = {KeyCorp, a financial institution with $90 billion in assets, has been
	working hard to transition from a waterfall approach to an agile
	approach for software development. This paper shares the story of
	KeyCorp's journey down the Yellow Brick Road to the Land of Agile.},
  db = {ieeexplore},
  doi = {10.1109/AGILE.2007.23},
  filterkimi = {include},
  filtermaria = {include},
  keywords = {KeyCorp financial institution;agile approach;software development;waterfall
	approach;financial data processing;software engineering;},
  review15 = {include},
  reviewer = {casper, maria}
}

@INPROCEEDINGS{4293600,
  author = {Silva, K. and Doss, C.},
  title = {The Growth of an Agile Coach Community at a Fortune 200 Company},
  booktitle = {Agile Conference (AGILE), 2007},
  year = {2007},
  pages = {225 -228},
  month = {aug.},
  abstract = {Adopting Agile takes courage, perseverance, and continued reinforcement.
	To meet these needs, a community of Agile coaches organically emerged
	at capital one to provide support and mentoring for projects and
	organizations seeking to adopt Agile. The community has evolved into
	an influential body of change agents, which routinely meets to address
	team or organizational initiatives in Agile projects across the enterprise.
	By creating an environment where true community can exist and grow,
	we have added sustainability to our Agile adoption processes and
	enabled continuous innovation of practices and principles.},
  db = {ieeexplore},
  doi = {10.1109/AGILE.2007.56},
  filterkimi = {include},
  filtermaria = {exclude/interesting},
  keywords = {Fortune 200 company;agile coach community;organizational initiatives;electronic
	commerce;organisational aspects;},
  review15 = {include},
  reviewer = {maria, kimi}
}

@INPROCEEDINGS{4293603,
  author = {Cloke, G.},
  title = {GET YOUR AGILE FREAK ON! Agile Adoption at Yahoo! Music},
  booktitle = {Agile Conference (AGILE), 2007},
  year = {2007},
  pages = {240 -248},
  month = {aug.},
  abstract = {Few businesses are more volatile than the internet; few markets as
	fiercely contested as the still-emerging, passion-inducing and fast-paced
	world of digital music. What better opportunity, therefore, to apply
	agile principles as a means of delivering maximum value to a mass
	market while embracing chaotic change? Yet the elements that made
	Yahoo! Music cry out for an agile approach also presented major stumbling
	blocks - not least the challenge of harnessing teams and technology
	obtained by serial acquisition, with competing passions, perspectives
	and technical expertise. Ultimately the team was able to face and
	overcome these challenges by unifying around an increasingly agile
	business philosophy that addresses not only software development,
	but the entire Music organization. In this experience report, the
	lessons of agile adoption at Yahoo! Music are considered, applied
	and finally distilled into a set of general principles that we hope
	might inspire other teams to get their agile freak on!},
  db = {ieeexplore},
  doi = {10.1109/AGILE.2007.30},
  filterkimi = {include},
  filtermaria = {???},
  keywords = {Internet;Yahoo! Music;agile business philosophy;agile principles;digital
	music;mass market;serial acquisition;software development;Web sites;music;},
  review15 = {include},
  reviewer = {casper, maria}
}

@INPROCEEDINGS{4293612,
  author = {Beavers, P.A.},
  title = {Managing a Large ``Agile{''} Software Engineering Organization},
  booktitle = {Agile Conference (AGILE), 2007},
  year = {2007},
  pages = {296 -303},
  month = {aug.},
  abstract = {This is the story of my business and personal transformation as our
	department adopted the Agile methodology. The bumps and bruises along
	the way forced a shift in management philosophy. Embracing the transformation
	has enabled significant success within the company. The confidence
	of our customers and internal organizations in our ability to deliver
	high quality software has increased dramatically. Software releases
	are now delivered on time with an improved level of quality. However,
	this success did not necessarily come easily. There were many obstacles
	to overcome as this large organization transformed itself from a
	largely waterfall development organization into a high-output agile
	development machine. This article presents this transformation and
	the impact it had on the organization's leadership and management
	styles.},
  db = {ieeexplore},
  doi = {10.1109/AGILE.2007.40},
  filterkimi = {include},
  filtermaria = {include},
  keywords = {agile development machine;agile software engineering organization;management
	philosophy;organization leadership;organization management;quality
	software;organisational aspects;software management;software quality;},
  review15 = {include},
  reviewer = {casper, maria}
}

@INPROCEEDINGS{4293617,
  author = {Lowery, M. and Evans, M.},
  title = {Scaling Product Ownership},
  booktitle = {Agile Conference (AGILE), 2007},
  year = {2007},
  pages = {328 -333},
  month = {aug.},
  abstract = {Many people ask the question ``Does Scrum scale?{''} especially those
	who have been scarred by Scrum done badly or those who are resistant
	to change. Our experience has led us to believe that Scrum can be
	scaled effectively but not without a few bloody noses along the way.
	Scrum teams with Scrum masters seems to scale naturally especially
	where strong technical leadership is applied. However, we ran into
	problems in scaling the role of product owner. This report shows
	what we did to scale product ownership and the highs and lows of
	the journey we took getting there.},
  db = {ieeexplore},
  doi = {10.1109/AGILE.2007.51},
  filterkimi = {include},
  filtermaria = {include},
  keywords = {Scrum;scaling product ownership;technical leadership;product development;project
	management;},
  review15 = {include},
  reviewer = {maria, kimi}
}

@INPROCEEDINGS{4293627,
  author = {Lewis, J. and Neher, K.},
  title = {Over the Waterfall in a Barrel - MSIT Adventures in Scrum},
  booktitle = {Agile Conference (AGILE), 2007},
  year = {2007},
  pages = {389 -394},
  month = {aug.},
  abstract = {This paper describes how a large, traditional amp; globally distributed
	IT organization is responding to the grassroots introduction of agile
	methodologies into a strongly waterfall based development culture.},
  db = {ieeexplore},
  doi = {10.1109/AGILE.2007.45},
  filterkimi = {include},
  filtermaria = {include},
  keywords = {MSIT adventures;agile methodologies;barrel;globally distributed IT
	organization;waterfall;DP industry;},
  review15 = {include},
  reviewer = {maria, kimi}
}

@INPROCEEDINGS{6005499,
  author = {Lv Yi},
  title = {Manager as Scrum Master},
  booktitle = {Agile Conference (AGILE), 2011},
  year = {2011},
  pages = {151 -153},
  month = {aug.},
  abstract = {Manager as Scrum Master? You can not do that! It goes against the
	conventional wisdom, which assumes command and control managers cannot
	lead and coach as Scrum Masters. However, as an important aspect
	in Agile change, self-managing means a management transformation
	from command and control to leading and coaching. This experience
	report will explain how one large-scale organization adopted Agile
	over three years, with the focus on the evolution of Scrum Master
	and manager role and the way they work together. It describes how
	the change regarding self-management was introduced and adapted,
	then how we have tried to sustain the change by creating consistency
	between the values and principles behind Agile into the organization
	and the management capability to practice them.},
  db = {ieeexplore},
  doi = {10.1109/AGILE.2011.8},
  filterkimi = {include},
  filtermaria = {include},
  keywords = {agile change;large scale organization;management transformation;scrum
	master;organisational aspects;software prototyping;},
  review15 = {include},
  reviewer = {casper, maria}
}

@INPROCEEDINGS{6005516,
  author = {Smits, H. and Rilliet, K.},
  title = {Agile Experience Report: Transition and Complexity at Cisco Voice
	Technology Group},
  booktitle = {Agile Conference (AGILE), 2011},
  year = {2011},
  pages = {274 -278},
  month = {aug.},
  abstract = {The authors spent six month in the center of the roll-out of agile
	practices in the Cisco Voice Technology organization. The roll-out
	started earlier, and is continuing after this period, and many more
	people contributed to the implementation. We learned that following
	an organizational change pattern (we used Kotter's eight step process
	) is helpful to structure the program, and made us aware of where
	we were, and what needed doing first. We found some issues, and while
	working on this paper discovered that others have found similar patterns,
	most notably Linda Rising in her book ``Fearless Change{''}. Obstacles
	we found include the necessity to obtain and maintain support of
	leadership, the influence of tooling on the implementation, and the
	need to go step-by-step: get agile skills in teams before attempting
	to change the full Software Development Life Cycle. We had great
	results from made-to-measure training of the teams around the globe,
	from finding a pace-maker process in the development process, and
	from the support of people who lead actual development programs.},
  db = {ieeexplore},
  doi = {10.1109/AGILE.2011.14},
  filterkimi = {include},
  filtermaria = {include},
  keywords = {Cisco voice technology organization;agile experience report transition;agile
	practices;full software development life cycle;made-to-measure teams
	training;organizational change pattern;pacemaker process;software
	development management;software prototyping;team working;},
  review15 = {include},
  reviewer = {kimi, casper}
}

@INPROCEEDINGS{6005517,
  author = {Cowan, C.L.},
  title = {When the VP is a Scrum Master, You Hit the Ground Running},
  booktitle = {Agile Conference (AGILE), 2011},
  year = {2011},
  pages = {279 -283},
  month = {aug.},
  abstract = {Companies adopting Scrum as a software development framework often
	start with a pilot project and slowly grow adoption across the organization.
	Unlike this typical incremental implementation of Scrum, Unisys Cloud
	Engineering adopted Scrum throughout the entire organization at the
	same time. The adoption was initiated and supported by upper management.
	This paper describes how the effort started, provides an assessment
	of why this method worked, and details lessons learned that could
	benefit others considering this rollout method.},
  db = {ieeexplore},
  doi = {10.1109/AGILE.2011.31},
  filterkimi = {include},
  filtermaria = {include},
  keywords = {Unisys cloud engineering;ground running;rollout method;scrum master;software
	development framework;cloud computing;software prototyping;},
  review15 = {include},
  reviewer = {maria, kimi}
}

@INPROCEEDINGS{6005523,
  author = {Ranganath, P.},
  title = {Elevating Teams from 'Doing' Agile to 'Being' and 'Living' Agile},
  booktitle = {Agile Conference (AGILE), 2011},
  year = {2011},
  pages = {187 -194},
  month = {aug.},
  abstract = {This paper shares experiences steering an agile transformation from
	only focusing on executing (doing) the tenets of a methodology towards
	a direction towards a more sustainable approach that considers such
	'soft' factors as employee productivity, motivation and commitment.},
  db = {ieeexplore},
  doi = {10.1109/AGILE.2011.40},
  filterkimi = {include},
  filtermaria = {???},
  keywords = {agile transformation;employee commitment;employee motivation;employee
	productivity;sustainable approach;team evaluation;human resource
	management;personnel;team working;},
  review15 = {include},
  reviewer = {casper, maria}
}

@INPROCEEDINGS{6005573,
  author = {O'Connor, C.P.},
  title = {Anatomy and Physiology of an Agile Transition},
  booktitle = {Agile Conference (AGILE), 2011},
  year = {2011},
  pages = {302 -306},
  month = {aug.},
  abstract = {A macro view of an enterprise transition from the point of view of
	a coach in the trenches. What brought about the transition that this
	group undertook, previously described in ``Letters from the Edge
	of an Agile Transition?{''} What was the ecology the team metamorphosed
	in? Follow me as I uncover the answers to these questions and more.
	Read how a high level sponsor set out to alleviate the pain of an
	organization. Hear some of the details that lead him to champion
	that change. Find out how the organization continues to learn and
	grow now that the beginning of the transition is over.},
  db = {ieeexplore},
  doi = {10.1109/AGILE.2011.25},
  filterkimi = {include},
  filtermaria = {???},
  keywords = {agile transition;anatomy;ecology;enterprise transition;physiology;business
	process re-engineering;software prototyping;},
  review15 = {include},
  reviewer = {kimi, casper}
}

@INPROCEEDINGS{6298112,
  author = {Prokhorenko, S.},
  title = {Skiing and Boxing: Coaching Product and Enterprise Teams},
  booktitle = {Agile Conference (AGILE), 2012},
  year = {2012},
  pages = {191 -196},
  month = {aug.},
  abstract = {Successful Agile transitions depend on a coaching approach just as
	much as the development of a good sports team. One is not going to
	assign the same exercise programs to a pro skier and a boxer; the
	same applies to different software development teams. In this study
	we summarize experiences from two Agile transformation projects,
	a travel website and investment bank risk management software. We
	discuss common points and distinctive features in requirements management,
	innovations, customer collaboration and team motivation.},
  db = {ieeexplore},
  doi = {10.1109/Agile.2012.30},
  filterkimi = {???},
  filtermaria = {???},
  keywords = {agile transformation;agile transitions;coaching product;customer collaboration;enterprise
	teams;innovations;investment bank risk management software;requirements
	management;team motivation;travel Website;Web sites;human resource
	management;innovation management;investment;risk management;software
	prototyping;team working;},
  review15 = {include},
  reviewer = {maria, kimi}
}

@INPROCEEDINGS{1231454,
  author = {Spayd, M.K.},
  title = {Evolving agile in the enterprise: implementing XP on a grand scale},
  booktitle = {Agile Development Conference, 2003. ADC 2003. Proceedings of the},
  year = {2003},
  pages = {60-70},
  abstract = {How can XP or other agile methods be used in large corporate IT shops?
	One large company found out, making XP the official corporate software
	development methodology for all projects over an 18 month period
	and counting. We explore many facets of that experience, beginning
	with a summary of the eight key determinants of organizational change
	model. It then follows the organization in implementing XP, using
	the change model as a yardstick to assess the success of the hoped
	for change. We conclude with key learnings regarding how to implement
	an agile methodology within a large organization.},
  db = {Preliminary search},
  doi = {10.1109/ADC.2003.1231454},
  keywords = {business process re-engineering;corporate modelling;management of
	change;organisational aspects;programming environments;software development
	management;XP;agile methodology;corporate IT shop;extreme programming;organizational
	change;software development methodology;Application software;Bridges;Business
	communication;Chaotic communication;Communication industry;Companies;Meeting
	planning;Programming;Software development management;Uncertainty},
  review15 = {Include}
}

@INPROCEEDINGS{ISI:000256667100005,
  author = {Abdelnour-Nocera, Jose and Sharp, Helen},
  title = {Adopting agile in a large organisation},
  booktitle = {AGILE PROCESSES IN SOFTWARE ENGINEERING AND EXTREME PROGRAMMING,
	PROCEEDINGS},
  year = {2008},
  editor = {Abrahamsson, P and Baskerville, R and Conboy, K and Fitzgerald, B
	and Morgan, L and Wang, X},
  volume = {9},
  series = {LECTURE NOTES IN BUSINESS INFORMATION PROCESSING},
  pages = {42-52},
  organization = {Agical; Enterprise Irland; DSSM CONSORTIUM; Agile Alliance; Lero;
	Exoftware; Sfi; FlossLab},
  note = {9th International Conference on Agile Processes in Software Engineering
	and Extreme Porgramming, Limerick, IRELAND, JUN 10-14, 2008},
  abstract = {Much has been written about adopting agile software development within
	a large organisation. A key aspect of this significant organisational
	change is to ensure that a common understanding of the new technology
	emerges within all stakeholder groups. We propose that an analysis
	framework based on the concept of Technological Frames (TFs) can
	identify where understanding is in conflict across different stakeholder
	groups. We used TFs to analyse data collected in one organisation
	in the process of adopting an agile development approach. In doing
	so, we identified several dimensions (called I elements' in TFs)
	which characterise a group's understanding of agility. In this paper,
	we present these elements and describe the TFs for four distinct
	groups. We suggest that these elements may be used by other organisations
	adopting agile methods to help understand the views of different
	stakeholder groups.},
  db = {wok},
  filterkimi = {exclude/interesting},
  filtermaria = {???},
  isbn = {978-3-540-68254-7},
  issn = {1865-1348},
  owner = {kimi},
  review15 = {include},
  reviewer = {kimi, casper},
  timestamp = {2012.12.19},
  unique-id = {ISI:000256667100005}
}

@INPROCEEDINGS{ISI:000309948700015,
  author = {Schnitter, Joachim and Mackert, Olaf},
  title = {Large-Scale Agile Software Development at SAP AG},
  booktitle = {EVALUATION OF NOVEL APPROACHES TO SOFTWARE ENGINEERING},
  year = {2011},
  editor = {Maciaszek, LA and Loucopoulos, P},
  volume = {230},
  series = {Communications in Computer and Information Science},
  pages = {209-220},
  note = {5th International Conference on Evaluation of Novel Approaches to
	Software Engineering, Athens, GREECE, JUL 22-24, 2010},
  abstract = {In an ongoing change process SAP AG has managed to move the software
	development processes from a waterfall-like approach to agile methodologies.
	We outline how Scrum was introduced to implement a lean development
	style as well as the model chosen to scale Scrum up to large product
	development projects. The change affected about 18.000 developers
	in 12 global locations. This paper is an extended and revised version
	of an earlier publication {[}15]. It includes recent findings.},
  db = {wok},
  filterkimi = {include},
  filtermaria = {include},
  isbn = {978-3-642-23390-6},
  issn = {1865-0929},
  owner = {kimi},
  review15 = {include},
  reviewer = {casper, maria},
  timestamp = {2012.12.19},
  unique-id = {ISI:000309948700015}
}

@INPROCEEDINGS{6063157,
  author = {Hallikainen, M.},
  title = {Experiences on Agile Seating, Facilities and Solutions: Multisite
	Environment},
  booktitle = {Global Software Engineering (ICGSE), 2011 6th IEEE International
	Conference on},
  year = {2011},
  pages = {119 -123},
  month = {aug.},
  abstract = {Changing from a traditional functional Telecom R amp;D Center towards
	a Lean and Agile Software Development R amp;D Center is not only
	changing the way of working. It also makes the change visible through
	re-organization of seating and facilities. The gradual and drastic
	change was made in a large scale organization at two geographically
	separate sites. Due to a long history of own offices, the resistance
	was substantial. The facilities management had to adapt the new needs,
	too. It was not only removing walls but understanding the new concept
	- eight people seated around a common team table sharing everything
	via whiteboards, flip charts and information radiators. Our approach
	is: Coordinated by business, made by facilities management. The journey
	towards Agile communication and collaboration is ongoing. One major
	challenge is collaboration between teams working on the same feature
	in a multisite environment. The paper also describes our current
	solution between the sites.},
  db = {ieeexplore},
  doi = {10.1109/ICGSE.2011.20},
  filterkimi = {include},
  filtermaria = {include},
  keywords = {agile facility;agile seating;agile software development R amp;D center;agile
	solution;business coordination;facilities management;functional Telecom
	R amp;D center;large scale organization;lean software development
	R amp;D center;team working;software prototyping;team working;},
  review15 = {include},
  reviewer = {casper, maria}
}

@INPROCEEDINGS{4439167,
  author = {Benefield, G.},
  title = {Rolling Out Agile in a Large Enterprise},
  booktitle = {Hawaii International Conference on System Sciences, Proceedings of
	the 41st Annual},
  year = {2008},
  pages = {461},
  month = {jan.},
  abstract = {Yahoo! is a large enterprise with a $32 billion market cap and has
	one of the largest Agile implementations in the world. The adoption
	of Scrum and Agile practices has been steadily growing over the past
	two years, and now encompasses more than 150 Yahoo! teams in the
	United States, Europe, and Asia-Pacific. The projects range from
	new product development for properties such as Yahoo! Autos to heavy-duty
	infrastructure work on Yahoo! Mail, which serves 250 million users
	each month around the globe.},
  db = {ieeexplore},
  doi = {10.1109/HICSS.2008.382},
  filterkimi = {include},
  filtermaria = {include},
  issn = {1530-1605},
  keywords = {Yahoo!;agile practices;large enterprise;scrum practices;DP industry;Internet;software
	development management;},
  review15 = {include},
  reviewer = {maria, kimi}
}

@INPROCEEDINGS{O'Connor:2010:LEA:1869542.1869557,
  author = {O'Connor, Christopher P.},
  title = {Letters from the edge of an agile transition},
  booktitle = {Proceedings of the ACM international conference companion on Object
	oriented programming systems languages and applications companion},
  year = {2010},
  series = {SPLASH '10},
  pages = {79--84},
  address = {New York, NY, USA},
  publisher = {ACM},
  abstract = {Starting as a new coach of a team with almost no agile experience
	and an enormous release pending was quite daunting. Change was slow
	and at first it seemed like we would not succeed in converting the
	team and delivering the product. It took patience, support at many
	different levels of the organization, and hard work from many different
	people to put this team on the path to becoming a functional and
	productive agile team. Now the team is growing as a successful and
	productive agile team. I am proud to have been a part of going from
	mostly offshore waterfall development to a local agile development
	team; from one release in about a year and a half to an average of
	one release per week; from over a hundred open issues to dozens and
	falling.},
  acmid = {1869557},
  db = {references},
  doi = {10.1145/1869542.1869557},
  isbn = {978-1-4503-0240-1},
  keywords = {XP, agile, scrum},
  location = {Reno/Tahoe, Nevada, USA},
  numpages = {6},
  review15 = {include},
  url = {http://doi.acm.org/10.1145/1869542.1869557}
}

@INPROCEEDINGS{5982247,
  author = {Hajjdiab, H. and Taleb, A.S.},
  title = {Agile adoption experience: A case study in the U.A.E},
  booktitle = {Software Engineering and Service Science (ICSESS), 2011 IEEE 2nd
	International Conference on},
  year = {2011},
  pages = {31 -34},
  month = {july},
  abstract = {Agile software development methods and techniques have gained attention
	in the recent few years. The main motive behind adopting agile software
	development approach is to improve end-product quality, enhance developer's
	moral and achieve stakeholder satisfaction. However, Agile adoption
	always comes with special challenges and thus fundamental organizational
	changes are necessary for successful outcomes. In this paper we present
	an in-depth case study for adopting agile methods to a government
	entity in the United Arab Emirates (U.A.E). The government entity
	software development teams have used the traditional waterfall approach
	for many years and decided to move to agile software development
	approach. This study highlights the challenges faced during the adoption
	of the Scrum method. Without proper preparation, the challenges will
	be significant enough to put the agile adoption on hold and make
	the software development teams go back to the traditional waterfall
	method.},
  db = {ieeexplore},
  doi = {10.1109/ICSESS.2011.5982247},
  filterkimi = {include},
  filtermaria = {include},
  keywords = {Scrum method;U.A.E;United Arab Emirates;agile adoption experience;agile
	software development methods;fundamental organizational changes;organisational
	aspects;software prototyping;},
  review15 = {include},
  reviewer = {kimi, casper}
}

@INPROCEEDINGS{5718991,
  author = {Sutherland, J. and Frohman, R.},
  title = {Hitting the Wall: What to Do When High Performing Scrum Teams Overwhelm
	Operations and Infrastructure},
  booktitle = {System Sciences (HICSS), 2011 44th Hawaii International Conference
	on},
  year = {2011},
  pages = {1 -6},
  month = {jan.},
  abstract = {All-at-once Scrum implementations require total commitment to change,
	high level management support and aggressive removal of impediments.
	Several company-wide implementations are known to the authors but
	none of them had to deal with the complexity of a large, mission-critical,
	enterprise software product. Pegasystems develops software to manage,
	automate and optimize a broad array of business processes. In July
	of 2009 the company deployed over 20 Scrum teams in the U.S. and
	India within two months. Complexity of languages, frameworks, and
	tools led to an architecture where continuous integration support
	for software development teams was impossible without a major upgrade
	in infrastructure and operations. A virtual Scrum team was formed
	to avoid ``hitting the wall{''} before this impediment impacted the
	first Scrum release of the software. Here we describe how a Scrum
	team engineered a continuous integration environment for hundreds
	of software developers on two continents within a few weeks.},
  db = {ieeexplore},
  doi = {10.1109/HICSS.2011.222},
  filterkimi = {include},
  filtermaria = {???},
  issn = {1530-1605},
  keywords = {Pegasystems;Scrum implementation;aggressive impediment removal;business
	process;high level management support;mission-critical enterprise
	software product;software development team;virtual Scrum team;business
	data processing;software development management;software prototyping;},
  review15 = {include},
  reviewer = {casper, maria}
}

@INPROCEEDINGS{6480427,
  author = {Greening, Daniel R.},
  title = {Release Duration and Enterprise Agility},
  booktitle = {System Sciences (HICSS), 2013 46th Hawaii International Conference
	on},
  year = {2013},
  pages = {4835-4841},
  abstract = {Short release duration -- the time from starting development until
	it delivers measurable value (i.e., paying customers adopt an upgrade)
	-- is an implied goal of agile methods. Release duration incorporates
	the expensive parts of the value chain: build, test, deploy and sell
	(but not exploratory design, for example). Release duration correlates
	with technical debt. Attempting to reduce release duration may help
	drive agile behavior through a company. Finance departments often
	collect release duration, helping a company assess its agility. Citrix
	Online illustrates how process methodology, development group size
	and release duration relate. Its adoption of Scrum and Enterprise
	Scrum drove release duration down from a peak of 41 months to less
	than 4, shorter than it had as a small startup. Its market share
	rose during the same period. Data from another company, Patient Keeper,
	also seems to indicate that short release durations correlate with
	more profitable outcomes.},
  db = {ieeexplore2},
  doi = {10.1109/HICSS.2013.463},
  filterkimi = {include},
  filtermaria = {include},
  issn = {1530-1605},
  keywords = {Companies;Computer bugs;Finance;Maintenance engineering;Manuals;Software;Testing;Agile
	Practices;Capitalization;Depreciation;Engineering Management;Enterprise
	Scrum;Release Duration;Scrum;Technical Debt},
  owner = {kimi},
  review15 = {include},
  timestamp = {2013.07.25}
}

@ARTICLE{Hajjdiab2012237,
  author = {Hajjdiab, H. and Taleb, A.S. and Ali, J.},
  title = {An industrial case study for Scrum adoption},
  journal = {Journal of Software},
  year = {2012},
  volume = {7},
  pages = {237-242},
  number = {1},
  note = {cited By (since 1996) 0},
  abstract = {Agile software development methods and techniques have been demonstrated
	to improve employee morale, enhance end-product quality, and achieve
	customer satisfaction. Agile adoption always comes with special challenges
	and thus fundamental organizational changes are necessary for successful
	outcome. In this paper we present an in-depth case study for adopting
	Scrum in a multi-team and multi-project situation to a government
	entity in the United Arab Emirates (U.A.E). While there are many
	successful stories for adopting Scrum in large and small organizations,
	there is little known about adoption stories in a multi-project/multi-team
	environments. In this paper we present a case study for an unsuccessful
	adoption of Scrum in a government entity in the U.A.E. The government
	entity under study have used the traditional waterfall approach for
	many years and decided to move to Agile software development method.
	This study highlights the challenges faced during the adoption of
	Scrum method with recommendations to address them. Each organization
	has its unique properties and one case study is not enough to draw
	conclusions for the U.A.E environment. However, the results obtained
	from this paper help software engineers to better understand the
	development environment and context factors for software projects
	in the U.A.E and many lessons may be learned for future Agile adoption.
	© 2012 ACADEMY PUBLISHER.},
  affiliation = {College of Engineering and Computer Science, Abu Dhabi University,
	P.O.Box 59911, Abu Dhabi, United Arab Emirates},
  author_keywords = {Agile software development; Case study;; Scrum; Software Engineering},
  db = {scoups},
  document_type = {Article},
  filterkimi = {include},
  filtermaria = {include},
  owner = {kimi},
  review15 = {include},
  reviewer = {kimi, casper},
  source = {Scopus},
  timestamp = {2012.12.19},
  url = {http://www.scopus.com/inward/record.url?eid=2-s2.0-84856586556&partnerID=40&md5=54ca59577d1326fe38c7c453d113a87d}
}

@ARTICLE{Brown2011266,
  author = {Brown, A.W.},
  title = {A case study in agile-at-scale delivery},
  journal = {Lecture Notes in Business Information Processing},
  year = {2011},
  volume = {77 LNBIP},
  pages = {266-281},
  note = {cited By (since 1996) 0},
  abstract = {Many individuals and teams involved on projects are already using
	agile development techniques as part of their daily work. However,
	we have much less experience in how to scale and manage agile practices
	as part of a concerted effort of improvement across an integrated
	supply-chain for enterprise software delivery. In this paper we discuss
	the scalability of agile approaches through a detailed case study
	in agile adoption. In the context of this example we examine how
	``agility-at-scale{''} is applied, describe the key scaling factors
	and their impact on agility, and review some of the rollout and deployment
	issues that can limit the adoption of agile approaches in practice.
	© 2011 Springer-Verlag Berlin Heidelberg.},
  affiliation = {IBM Rational Software, United States},
  author_keywords = {agile software delivery; enterprise IT; software process},
  db = {scoups},
  document_type = {Conference Paper},
  filterkimi = {include},
  filtermaria = {include},
  owner = {kimi},
  review15 = {include},
  reviewer = {kimi, casper},
  source = {Scopus},
  timestamp = {2012.12.19},
  url = {http://www.scopus.com/inward/record.url?eid=2-s2.0-79956308064&partnerID=40&md5=8c88f27763ab4bdd2ffb5e60c883c9e7}
}

@ARTICLE{Murphy2009136,
  author = {Murphy, P. and Donnellan, B.},
  title = {Lesson learnt from an agile implementation project},
  journal = {Lecture Notes in Business Information Processing},
  year = {2009},
  volume = {31 LNBIP},
  pages = {136-141},
  note = {cited By (since 1996) 0},
  abstract = {This paper focuses on the communication concerns that unfolded in
	a company as it endeavored to move from its existing waterfall model
	to an agile environment. A task team was established to adopt an
	agile practice and to trial it on a customer specific project. The
	team was given the freedom to be innovative and adopt whatever agile
	practices they wished. Early enthusiasm was evident however management
	had concerns about viability of this new approach. Management did
	not see the project plans and corresponding documentation trail of
	the waterfall model, and from their perspective it lacked structure.
	Trust between management and engineers weakened primarily due to
	a lack of communication and a reduction in the ability to work together,
	resulting in the waterfall model being reinstated. © 2009 Springer
	Berlin Heidelberg.},
  affiliation = {National University of Ireland, Galway, Ireland},
  author_keywords = {Collaboration; Communication},
  db = {scoups},
  document_type = {Conference Paper},
  filterkimi = {include},
  filtermaria = {exclude},
  owner = {kimi},
  review15 = {include},
  reviewer = {casper, maria},
  source = {Scopus},
  timestamp = {2012.12.19},
  url = {http://www.scopus.com/inward/record.url?eid=2-s2.0-66749130739&partnerID=40&md5=d0076320f246c7788de39034ff1d4363}
}

@INPROCEEDINGS{Nielsen200528,
  author = {Nielsen, J. and McMunn, D.},
  title = {The agile journey -Adopting XP in a large financial services organization},
  year = {2005},
  volume = {3556},
  pages = {28-37},
  note = {cited By (since 1996) 0},
  abstract = {On January 14, 2004, two vice presidents met with a group of directors,
	project managers, and developers, and indicated their desire to embrace
	agile software development as ``the way forward{''} in their organization.
	This was not the beginning of this company's adoption of XP and Agile
	Methodologies, but rather the culmination of almost two and a half
	years of learning, experimentation, prototyping, and promotion. Making
	change ``stick{''} in any large organization is problematic, and
	dramatically changing the way a risk-averse, highly-regulated company
	develops software requires more than just a successful pilot and
	a couple of months of coaching. This experience report documents
	the ``agile journey{''} undertaken by one such corporation between
	2001 and 2004. They began by outsourcing a small effort to an XP-proficient
	consulting firm, and proceeded to use agile techniques on a series
	of increasingly-significant efforts, allowing sufficient time for
	the new approach to gain acceptance. In retrospect, all parties involved
	now believe that the slow, gradual approach to XP adoption - building
	on incremental successes project by project - was the key to its
	success. © Springer-Verlag Berlin Heidelberg 2005.},
  affiliation = {Digital Focus, 13655 Dulles Technology Drive, Herndon, VA 20171, United
	States},
  db = {scoups},
  document_type = {Conference Paper},
  filterkimi = {include},
  filtermaria = {include},
  journal = {Lecture Notes in Computer Science},
  owner = {kimi},
  review15 = {include},
  reviewer = {maria, kimi},
  source = {Scopus},
  timestamp = {2012.12.19},
  url = {http://www.scopus.com/inward/record.url?eid=2-s2.0-26444465548&partnerID=40&md5=a34ed71a5527de4348cf9fbc505ccd26}
}

@ARTICLE{Bang2007203,
  author = {Bang, T.J.},
  title = {Introducing agile methods into a project organisation},
  journal = {Lecture Notes in Computer Science (including subseries Lecture Notes
	in Artificial Intelligence and Lecture Notes in Bioinformatics)},
  year = {2007},
  volume = {4536 LNCS},
  pages = {203-207},
  note = {cited By (since 1996) 0},
  abstract = {Bekk Consulting (BEKK), a Norwegian IT- and management consulting
	company changed their way of running projects from traditional waterfall
	to a more agile approach. It took more than a year getting the whole
	company onboard and more than two years to convince most of the customers.
	We are still learning, adjusting and improving the way we run our
	projects - with focus on the outcome over delivering features. BEKK
	is a Norwegian IT- and management consulting company leveraging on
	the intellectual capital of their more than 160 employees. With specialist
	like graphic designers through system developers, usability experts,
	project managers and management consultants we create cross-functional
	teams running projects to high business value solutions, based on
	internet technology. We will later in this report discuss what were
	the drivers for this transition, but first we need to understand
	that it's about creating VALUE for the customer. © Springer-Verlag
	Berlin Heidelberg 2007.},
  affiliation = {Bekk Consulting, Norway},
  db = {scoups},
  document_type = {Conference Paper},
  filterkimi = {include},
  filtermaria = {???},
  owner = {kimi},
  review15 = {include},
  reviewer = {casper, maria},
  source = {Scopus},
  timestamp = {2012.12.19},
  url = {http://www.scopus.com/inward/record.url?eid=2-s2.0-38149085430&partnerID=40&md5=73345e0339bc029d5aa5e8841b775feb}
}

@ARTICLE{Federoff2009233,
  author = {Federoff, M. and Courage, C.},
  title = {Successful user experience in an agile enterprise environment},
  journal = {Lecture Notes in Computer Science (including subseries Lecture Notes
	in Artificial Intelligence and Lecture Notes in Bioinformatics)},
  year = {2009},
  volume = {5617 LNCS},
  pages = {233-242},
  number = {PART 1},
  note = {cited By (since 1996) 2},
  abstract = {Salesforce.com is a leader in the enterprise Customer Relationship
	Management (CRM) marketplace. In 2006, salesforce.com's Research
	and Development (R&D) organization transitioned over 30 product teams
	from a waterfall development process to an agile one. The R&D department
	is responsible for producing all products offered to salesforce.com
	customers. After the transition, it was clear that User Experience
	(UX) team members were dissatisfied. When asked 6 months into the
	rollout if agile was making their work life better, only 24% agreed.
	This paper discusses how the team and management responded to this
	data and as a result reached an 85% satisfaction rate a year later.
	© 2009 Springer Berlin Heidelberg.},
  affiliation = {Salesforce.com, Landmark at One Market St., San Francisco, CA 94105,
	United States},
  author_keywords = {Agile; Design; Enterprise; Research; User experience; Waterfall},
  db = {scoups},
  document_type = {Conference Paper},
  filterkimi = {???},
  filtermaria = {exclude},
  owner = {kimi},
  review15 = {include},
  reviewer = {maria, kimi},
  source = {Scopus},
  timestamp = {2012.12.19},
  url = {http://www.scopus.com/inward/record.url?eid=2-s2.0-70350338548&partnerID=40&md5=ae4a6a4b6e039fc997042156260f3eba}
}

@ARTICLE{McDowell200717,
  author = {McDowell, S.a and Dourambeis, N.b },
  title = {British telecom experience report: Agile intervention - BT's joining
	the dots events for organizational change},
  journal = {Lecture Notes in Computer Science (including subseries Lecture Notes
	in Artificial Intelligence and Lecture Notes in Bioinformatics)},
  year = {2007},
  volume = {4536 LNCS},
  pages = {17-23},
  note = {cited By (since 1996) 1},
  abstract = {While British Telecom (BT) has been progressing the adoption of agile
	practices across teams for the last two years, the overall organizational
	transformation has been slow to emerge and a catalyst was needed.
	In November 2006, BT began running a series of one hundred person,
	one and a half day events called Joining the Dots 3, aimed at promoting
	the use of agile throughout the IT organization. The event's practical
	approach of embedding learning through the use of videos and activities
	on agile planning, user stories, customer collaboration and iterative
	delivery into a large scale end-to-end simulation has proven to be
	both fun and an excellent learning tool. Simulation retrospectives
	inside the event echo the learning points and feedback forms have
	confirmed that BT may have succeeded in generating large scale buy-in
	to using agile practices across thousands of people in their delivery
	organization. © Springer-Verlag Berlin Heidelberg 2007.},
  affiliation = {British Telecom; Exoftware},
  author_keywords = {Agile planning; Agile transformation; Collaboration; Estimating; Organizational
	change; Retrospectives; Teamwork; User stories},
  db = {scoups},
  document_type = {Conference Paper},
  filterkimi = {include},
  filtermaria = {include},
  owner = {kimi},
  review15 = {include},
  reviewer = {kimi, casper},
  source = {Scopus},
  timestamp = {2012.12.19},
  url = {http://www.scopus.com/inward/record.url?eid=2-s2.0-38149135112&partnerID=40&md5=ecabb80e088481cb2c244a04d9ce2f14}
}

@ARTICLE{Vlaanderen2012116,
  author = {Vlaanderen, K.a and Van Stijn, P.a and Brinkkemper, S.a and Van De
	Weerd, I.b },
  title = {Growing into agility: Process implementation paths for scrum},
  journal = {Lecture Notes in Computer Science (including subseries Lecture Notes
	in Artificial Intelligence and Lecture Notes in Bioinformatics)},
  year = {2012},
  volume = {7343 LNCS},
  pages = {116-130},
  note = {cited By (since 1996) 0},
  abstract = {Background: Many organizations struggle with the implementation of
	agile methods. Such methods pose considerable challenges related
	to organizational demand and process configuration. Goal: In this
	paper, we analyze the introduction of Scrum in the development organization
	in order to determine distinct approaches to its implementation.
	Approach: We compare the Scrum introduction paths of four case companies.
	Results: This results in a discussion of implementation paths ranging
	from gradual to disruptive introduction of Scrum. Contribution: The
	description of these paths provides insight into process improvements.
	We demonstrate how a structured description of process improvements
	can improve understanding of process improvement paths. © 2012 Springer-Verlag.},
  affiliation = {Utrecht University, Department of Information and Computing Sciences,
	P.O. Box 80.007, 3508 TA Utrecht, Netherlands; Vrije Universiteit
	Amsterdam, Faculty of Economics and Business Administration, De Boelelaan
	1105, 1081 HV Amsterdam, Netherlands},
  author_keywords = {incremental; process implementation; product software; Scrum; software
	process improvement},
  db = {scoups},
  document_type = {Conference Paper},
  filterkimi = {include},
  filtermaria = {???},
  owner = {kimi},
  review15 = {include},
  reviewer = {casper, maria},
  source = {Scopus},
  timestamp = {2012.12.19},
  url = {http://www.scopus.com/inward/record.url?eid=2-s2.0-84862162214&partnerID=40&md5=f7af0d3244aaa093c990139c04d4058a}
}

@INPROCEEDINGS{Evans2008181,
  author = {Evans, M.},
  title = {The FrAgile organisation},
  year = {2008},
  pages = {181-185},
  note = {cited By (since 1996) 0},
  abstract = {This experience report outlines how the BBC went about adopting Agile
	and how the stickiness of Agile fared through a couple of restructures.
	Arguably some of the most important new media launches from BBC New
	Media would not have happened if it were not for the Agile techniques
	used however there has been a very real feeling within the organisation
	that way of doing things has been under threat. I hope to address
	the issue of whether an Agile culture is fragile and why it might
	slip back into a former more familiar way of doing things even if
	this is not intended and begins to erode the ability of the organisation
	to develop and release good quality software. © 2008 IEEE.},
  art_number = {4599473},
  db = {scoups},
  document_type = {Conference Paper},
  filterkimi = {include},
  filtermaria = {???},
  journal = {Proceedings - Agile 2008 Conference},
  owner = {kimi},
  review15 = {include},
  reviewer = {maria, kimi},
  source = {Scopus},
  timestamp = {2012.12.19},
  url = {http://www.scopus.com/inward/record.url?eid=2-s2.0-52949084689&partnerID=40&md5=ce89db0e1701608f8bca9b441b447bdb}
}

@INPROCEEDINGS{Farrow2008224,
  author = {Farrow, A. and Greene, S.},
  title = {Fast \& predictable - A lightweight release framework promotes agility
	through rhythm and flow},
  year = {2008},
  pages = {224-228},
  note = {cited By (since 1996) 0},
  abstract = {Embarking on salesforce.com's large scale transformation to our Adaptive
	Development Methodology presented many unique challenges due to the
	scale of the rollout as well as the need to align a large number
	of teams (30+) to a common release date, 3-4 times per year. To specifically
	address the latter challenge, we created a lightweight release framework
	in order to optimize on-time, high quality delivery to our customers
	and partners. The fundamentals of this framework and approach emphasize
	supporting and enabling the development teams rather than controlling
	them, through a release framework-simple, lightweight, unambiguous,
	visible everywhere. By implementing this lightweight release framework
	and making it highly visible, we've promoted rhythm and flow within
	and across all scrum teams. In doing so, we have been able to develop
	a stable rhythm for delivering on-time, high-quality releases in
	a complex environment, while not compromising our Agile principles.
	© 2008 IEEE.},
  affiliation = {salesforce.com},
  art_number = {4599481},
  db = {scoups},
  document_type = {Conference Paper},
  filterkimi = {???},
  filtermaria = {include},
  journal = {Proceedings - Agile 2008 Conference},
  owner = {kimi},
  review15 = {include},
  reviewer = {casper, maria},
  source = {Scopus},
  timestamp = {2012.12.19},
  url = {http://www.scopus.com/inward/record.url?eid=2-s2.0-52949118877&partnerID=40&md5=fb6e291d37f8356f80138a19380e7ee5}
}

@INPROCEEDINGS{Leszek2008196,
  author = {Leszek, A. and Courage, C.},
  title = {The doctor is ``in{''} - Using the office hours concept to make limited
	resources most effective},
  year = {2008},
  pages = {196-201},
  note = {cited By (since 1996) 0},
  abstract = {Salesforce.com's Technology organization transitioned over 30 product
	teams from a waterfall development process to an agile development
	process. After this transition, it was evident that shared resources,
	such as user experience and product documentation professionals,
	could not support as many teams as they had in the past using a waterfall
	process. As a result, shared resources were assigned to fewer teams,
	which left some teams without designated team members for product
	documentation and user experience. This report highlights how salesforce.com
	has adopted the concept of office hours in order to make these limited,
	shared resources most effective and to support teams that do not
	have a designated resource for user experience or product documentation.
	© 2008 IEEE.},
  affiliation = {Salesforce.com},
  art_number = {4599476},
  db = {scoups},
  document_type = {Conference Paper},
  filterkimi = {???},
  filtermaria = {exclude},
  journal = {Proceedings - Agile 2008 Conference},
  owner = {kimi},
  review15 = {include},
  reviewer = {maria, kimi},
  source = {Scopus},
  timestamp = {2012.12.19},
  url = {http://www.scopus.com/inward/record.url?eid=2-s2.0-52949146836&partnerID=40&md5=2005d81913db882337f3421a9caff6e9}
}

@INPROCEEDINGS{Mencke2008407,
  author = {Mencke, R.},
  title = {A product manager's guide to surviving the big bang approach to agile
	transitions},
  year = {2008},
  pages = {407-412},
  note = {cited By (since 1996) 0},
  abstract = {In 2006, Salesforce.com took a big bang approach to implementing the
	Adaptive Development Methodology (ADM): a unique blend of Scrum-style
	project management and the agile software development framework.
	The result was a huge success. In just three months, an R&D department
	consisting of 200 employees and 30 teams transitioned from a traditional
	waterfall-style approach to ADM. Less than sixteen months later,
	the company had realized a 37% increase in productivity. The rapid
	transition of ADM precipitated massive changes in how product managers
	work, interact with members of others departments, and manage dependencies
	between teams. This report details some of the challenges they faced,
	how they handled them, and how ADM has helped Product Managers become
	more effective. © 2008 IEEE.},
  affiliation = {Salesforce.com},
  art_number = {4599514},
  db = {scoups},
  document_type = {Conference Paper},
  filterkimi = {include},
  filtermaria = {include},
  journal = {Proceedings - Agile 2008 Conference},
  owner = {kimi},
  review15 = {include},
  reviewer = {kimi, casper},
  source = {Scopus},
  timestamp = {2012.12.19},
  url = {http://www.scopus.com/inward/record.url?eid=2-s2.0-52949087622&partnerID=40&md5=613b70abf56bba042b3fa2f76c703b16}
}

@INPROCEEDINGS{Moore2008121,
  author = {Moore, E.a and Spens, J.b },
  title = {Scaling agile: Finding your agile tribe},
  year = {2008},
  pages = {121-124},
  note = {cited By (since 1996) 3},
  abstract = {The ability of agile practices to scale to ``large{''} software development
	efforts (more than three teams or 30 team members) has been widely
	debated in recent years. While a variety of inhibitors to scaling
	agile are frequently cited, this experience report describes how
	the primary challenge to scaling agile that we faced was finding
	the right people to build our agile tribe. The effective adoption
	of Agile requires passionate, motivated individuals who accept change,
	think like a business owner, operate willingly outside team walls,
	and identify and drive program issues. Finding such a large number
	of people with these qualities is much more difficult than establishing
	methods to support communications, progress tracking, and other agile
	practices. We conclude by describing the attributes of the type of
	person that we believe will thrive in a large-scale Agile shop. ©
	2008 IEEE.},
  affiliation = {Siemens Medical Solutions USA, Inc.; ThoughtWorks, Inc.},
  art_number = {4599461},
  db = {scoups},
  document_type = {Conference Paper},
  filterkimi = {include},
  filtermaria = {include},
  journal = {Proceedings - Agile 2008 Conference},
  owner = {kimi},
  review15 = {include},
  reviewer = {maria, kimi},
  source = {Scopus},
  timestamp = {2012.12.19},
  url = {http://www.scopus.com/inward/record.url?eid=2-s2.0-52949152774&partnerID=40&md5=433664367e4502b999e28f179904ffd9}
}

@INPROCEEDINGS{Laanti20081383,
  author = {Laanti, M.},
  title = {Implementing program model with agile principles in a large software
	development organization},
  year = {2008},
  pages = {1383-1391},
  note = {cited By (since 1996) 4},
  abstract = {Organizations developing software have increasing interest towards
	deployment of agile methods. However, there is a problem in scaling
	up scrum and other agile methods, since these were originally meant
	for individual team scope. It is not enough to deploy agile methods
	only on the team level - because of the dependencies that teams have
	between each other when developing large software systems, and because
	the software engineering teams need input for their decision making
	(or actual decisions) and need to be synchronized with other activities.
	We present one way of scaling up scrum to program level consisting
	of several scrum teams, concentrating on the changes done in the
	process front-end. We also describe a new artifact called Agile Policy
	that was created for large-scale agile deployment. © 2008 IEEE.},
  affiliation = {Nokia Corporation},
  art_number = {4591786},
  db = {scoups},
  document_type = {Conference Paper},
  filterkimi = {include},
  filtermaria = {include},
  journal = {Proceedings - International Computer Software and Applications Conference},
  owner = {kimi},
  review15 = {include},
  reviewer = {casper, maria},
  source = {Scopus},
  timestamp = {2012.12.19},
  url = {http://www.scopus.com/inward/record.url?eid=2-s2.0-51949087017&partnerID=40&md5=4131fd8685d686e7f3890e30807c08ae}
}

@ARTICLE{1438326,
  author = {Schatz, B. and Abdelshafi, I.},
  title = {Primavera gets agile: a successful transition to agile development},
  journal = {Software, IEEE},
  year = {2005},
  volume = {22},
  pages = {36 - 42},
  number = {3},
  month = {may-june},
  abstract = {Primavera Systems provides enterprise project portfolio management
	solutions that help customers manage their projects, programs, and
	resources. When we decided to improve how we build software and increase
	the quality of life for everyone on the team, we found our answer
	in agile software development. Adopting agile practices is a process
	of continuous learning and improvement. Primavera's development team
	is a model for others looking to adopt agile processes.},
  db = {ieeexplore},
  doi = {10.1109/MS.2005.74},
  filterkimi = {include},
  filtermaria = {???},
  issn = {0740-7459},
  keywords = {Primavera Systems; agile software development; enterprise project
	portfolio management; software process improvement; software quality;
	project management; software development management; software process
	improvement; software quality;},
  review15 = {include},
  reviewer = {maria, kimi}
}

@ARTICLE{5604357,
  author = {Berczuk, Steve and Lv, Yi},
  title = {We're All in This Together},
  journal = {Software, IEEE},
  year = {2010},
  volume = {27},
  pages = {12 -15},
  number = {6},
  month = {nov.-dec. },
  abstract = {Being agile is hard, and some organizations experience different challenges
	than others. In this interview, Steve Berczuk has a conversation
	with Yi Lv about the change process of introducing Scrum into organizations
	with different cultural, geographic, and size attributes. They focus
	on the role line managers and Scrum Masters play in establishing
	a sustainable Scrum culture. They also discover that agile introduction
	has some universals.},
  db = {ieeexplore},
  doi = {10.1109/MS.2010.151},
  filterkimi = {???},
  filtermaria = {exclude/interesting},
  issn = {0740-7459},
  review15 = {include},
  reviewer = {maria, kimi}
}

@TECHREPORT{AbdelnourNocera2007,
  author = {Jose Abdelnour-Nocera and Helen Sharp},
  title = {Adopting Agile in a large organization: balancing the old with the
	new},
  institution = {The Open University, Faculty of Mathematics and Computing , Department
	of Computing},
  year = {2007},
  abstract = {Much has been written about adopting agile software development within
	a large organisation. A key aspect of this significant organisational
	change is to ensure that a common understanding of the new technology
	emerges within all stakeholder groups. We propose that an analysis
	framework based on the concept of Technological Frames (TFs) can
	identify where understanding is in conflict across different stakeholder
	groups. We used TFs to analyse data collected in one organisation
	in the process of adopting an agile development approach. In doing
	so, we identified several dimensions (called 'elements' in TFs) which
	characterise a group's understanding of agility. In this paper, we
	present these elements and describe the TFs for four distinct groups.
	We suggest that these elements may be used by other organisations
	adopting agile methods to help understand the views of different
	stakeholder groups.},
  db = {references},
  filterkimi = {include},
  filtermaria = {include},
  owner = {kimi},
  quality = {1},
  review15 = {include},
  timestamp = {2013.03.08}
}

