% This file was created with JabRef 2.9.
% Encoding: UTF8

@TECHREPORT{Kitchenham2007,
  author = {B. A. Kitchenham},
  title = {Guidelines for performing Systematic Literature Reviews in Software
	Engineering},
  institution = {Keele University Technical Report},
  year = {2007},
  type = {Technical report},
  number = {EBSE-2007-01}
}

@inproceedings{Cruzes2011a,
 author = {Cruzes, Daniela S. and Dyba, Tore},
 title = {Recommended Steps for Thematic Synthesis in Software Engineering},
 booktitle = {Proceedings of the 2011 International Symposium on Empirical
   Software Engineering and Measurement},
 series = {ESEM '11},
 year = {2011},
 isbn = {978-0-7695-4604-9},
 pages = {275--284},
 numpages = {10},
 url = {http://dx.doi.org/10.1109/ESEM.2011.36},
 doi = {10.1109/ESEM.2011.36},
 acmid = {2083434},
 publisher = {IEEE Computer Society},
 address = {Washington, DC, USA},
 keywords = {research synthesis, secondary research, systematic review,
   evidence-based and empirical software engineering},
} 

@book{Boehm2003,
 author = {Boehm, Barry and Turner, Richard},
 title = {Balancing Agility and Discipline: A Guide for the Perplexed},
 year = {2003},
 isbn = {0321186125},
 publisher = {Addison-Wesley Longman Publishing Co., Inc.},
 address = {Boston, MA, USA},
}

@ARTICLE{Petersen2010,
  author = {Petersen, Kai and Wohlin, Claes},
  title = {The effect of moving from a plan-driven to an incremental software
	development approach with agile practices},
  journal = {EMPIRICAL SOFTWARE ENGINEERING},
  year = {2010},
  volume = {15},
  pages = {654-693},
  number = {6},
  month = {DEC},
  db = {wok},
  doi = {10.1007/s10664-010-9136-6},
  filterkimi = {include},
  filtermaria = {include},
  issn = {1382-3256},
  owner = {kimi},
  review15 = {include},
  reviewer = {maria, kimi},
  timestamp = {2012.12.19},
  unique-id = {ISI:000282100100004}
}
